Buyer,Seller,Transaction_Amount,Date,Time,Security,Price
Sneha,Arjun,562143.12,28-09-2025,15:50:43,ICICIBANK,1232.77
Bob,Harish,448692.72,05-12-2025,18:59:43,HDFC,2670.79
Varun,David,46590.28,22-06-2025,17:25:31,TSLA,2117.74
Eve,Frank,592339.5,19-07-2025,06:44:16,NVDA,2218.5
Divya,Sneha,587490.7,15-11-2025,21:06:37,HDFC,1697.95
Kiran,Charlie,84156.3,25-10-2025,19:24:40,SBIN,197.55
Sneha,Jack,278680.33,13-11-2025,15:14:08,ADANIENT,681.37
Eve,Ivy,395597.1,23-09-2025,04:55:00,INFY,2082.09
Alice,Lakshmi,890542.8,18-12-2025,10:52:01,NVDA,2473.73
Rohit,Manoj,461708.2,18-12-2025,03:14:54,RELIANCE,1247.86
Farhan,Varun,447972.79,13-12-2025,16:50:01,AMZN,1922.63
Arjun,Farhan,203486.48,02-07-2025,05:03:42,META,820.51
Grace,Jack,1153866.88,06-11-2025,23:26:57,RELIANCE,2519.36
Varun,Eve,904347.57,17-10-2025,11:40:06,MSFT,2117.91
Divya,Frank,401068.36,15-07-2025,09:50:20,HDFC,2604.34
Chetan,Jaya,46981.08,25-12-2025,06:18:41,AAPL,127.32
Alice,Jack,890370.02,13-08-2025,06:11:30,AMZN,2037.46
Kiran,Manoj,79363.57,02-07-2025,23:27:55,TCS,313.69
Hannah,Jack,121162.24,30-07-2025,11:07:41,GOOGL,322.24
Neha,Arjun,134636.13,21-11-2025,14:42:12,AAPL,297.21
Bob,Farhan,187991.76,11-12-2025,00:00:27,MSFT,712.09
Sneha,Neha,1283858.62,06-06-2025,20:56:13,TSLA,2636.26
Arjun,Jack,307487.32,23-12-2025,03:09:07,ADANIENT,2421.16
Chetan,Harish,25927.08,16-10-2025,10:19:14,RELIANCE,2160.59
Harish,Farhan,150919.2,03-10-2025,04:19:01,GOOGL,1775.52
Bhavna,Manoj,232382.1,07-09-2025,23:38:46,HDFC,2472.15
Ivy,Alice,684560.25,02-10-2025,17:35:11,MSFT,1610.73
Arjun,Chetan,83788.5,04-09-2025,18:15:41,ICICIBANK,336.5
Ivy,David,152024.34,17-06-2025,20:32:07,TSLA,1949.03
Varun,Neha,10706.96,23-08-2025,17:31:08,TSLA,486.68
Frank,Rohit,918225,25-11-2025,01:20:09,AAPL,2623.5
Manoj,Jaya,78696.9,08-07-2025,06:53:06,ICICIBANK,1748.82
Bob,Bhavna,424401.12,13-06-2025,06:07:06,AAPL,1483.92
Frank,Hannah,103126.32,18-07-2025,23:28:01,ADANIENT,1778.04
Hannah,Rohit,933759.68,23-10-2025,17:47:11,NVDA,2382.04
Frank,Manoj,1199283.12,24-12-2025,05:31:26,META,2682.96
Gauri,Lakshmi,797162.73,12-07-2025,02:18:51,NFLX,2114.49
Lakshmi,Neha,759732.48,11-06-2025,13:39:59,AMZN,2221.44
Charlie,Arjun,1018019.76,27-10-2025,18:18:27,NFLX,2073.36
Gauri,Arjun,188664.78,12-09-2025,17:16:41,AAPL,666.66
Manoj,Harish,532458.34,21-09-2025,14:29:19,TSLA,2787.74
Chetan,Manoj,58277.39,19-06-2025,15:57:18,MSFT,357.53
Alice,Farhan,96742.08,16-06-2025,04:54:29,ADANIENT,1791.52
Neha,Chetan,665273.05,06-08-2025,23:48:02,INFY,1764.65
Kiran,Ivy,59213.04,20-12-2025,19:26:54,MSFT,1741.56
Bhavna,Grace,667199,20-10-2025,17:08:59,HDFC,2052.92
Arjun,Ivy,805653.66,03-09-2025,13:12:57,MSFT,1668.02
Jack,Arjun,467586,04-06-2025,01:47:29,HDFC,2226.6
Frank,David,1001538,07-10-2025,14:23:11,RELIANCE,2225.64
Varun,David,601982.64,15-08-2025,02:21:08,INFY,1328.88
Lakshmi,Rohit,314690.25,12-12-2025,01:29:21,MSFT,1798.23
Hannah,Varun,431477.66,27-12-2025,16:14:02,RELIANCE,1472.62
Ivy,Kiran,408154.28,01-11-2025,16:17:57,AAPL,2372.99
Arjun,Charlie,641722.51,03-11-2025,00:26:21,INFY,2283.71
Eve,Alice,129976.08,07-08-2025,14:27:07,AAPL,833.18
Farhan,Grace,1283539.5,15-12-2025,01:43:50,AAPL,2852.31
David,Rohit,810461.16,11-06-2025,12:38:28,NVDA,1699.08
Sneha,Lakshmi,415876.8,03-06-2025,18:13:50,ICICIBANK,1506.8
Kiran,Arjun,32547.99,29-12-2025,17:33:52,META,756.93
Manoj,Arjun,244912.4,27-08-2025,18:33:50,MSFT,790.04
Manoj,Bob,55742.4,04-12-2025,06:45:18,AMZN,1393.56
Jaya,Divya,92194.05,20-12-2025,05:12:16,HDFC,472.79
Frank,Sneha,227289.66,19-10-2025,12:00:35,NVDA,2228.33
Lakshmi,David,641014.64,04-07-2025,22:19:32,HDFC,2474.96
Alice,David,151787.05,21-08-2025,05:45:57,NVDA,1785.73
David,Grace,150381.9,28-11-2025,11:02:24,HDFC,1670.91
Sneha,Arjun,138601.7,25-06-2025,19:35:35,INFY,1669.9
Frank,Lakshmi,866371.5,15-11-2025,20:35:54,GOOGL,2533.25
Eve,Ivy,1408236.72,24-07-2025,05:58:40,META,2909.58
Hannah,Alice,1224710.6,19-07-2025,15:37:45,GOOGL,2484.2
Jaya,Varun,54685.26,19-07-2025,14:39:22,TSLA,139.86
Kiran,Varun,487692,24-11-2025,01:25:44,ADANIENT,1413.6
Charlie,Hannah,199675.2,03-07-2025,07:23:37,RELIANCE,2349.12
Rohit,Hannah,348175.32,15-06-2025,07:58:18,NVDA,825.06
Charlie,Sneha,225684.34,09-09-2025,23:03:26,HDFC,757.33
Sneha,Varun,60094.98,22-11-2025,21:37:20,HDFC,607.02
Varun,Harish,481453.07,08-12-2025,19:25:22,SBIN,2371.69
David,Varun,871348.44,10-10-2025,11:41:33,GOOGL,2984.07
Arjun,Sneha,201129.39,16-06-2025,20:37:19,TCS,2612.07
Alice,Kiran,1407397.8,27-10-2025,17:17:23,GOOGL,2938.2
Grace,Kiran,1446833.64,07-07-2025,23:54:11,RELIANCE,2958.76
Varun,Rohit,830934.1,04-07-2025,09:12:46,TSLA,2865.29
Manoj,Farhan,253674.24,10-10-2025,21:59:23,AAPL,2045.76
Lakshmi,Arjun,126155.92,15-10-2025,20:52:41,ADANIENT,498.64
Bhavna,Ivy,643850.64,23-08-2025,09:10:13,META,1860.84
Ivy,Charlie,464090,25-11-2025,12:20:49,AMZN,2109.5
Eve,Jack,590708.16,13-09-2025,12:35:02,AMZN,1562.72
Manoj,Eve,112786.52,01-06-2025,05:09:55,META,932.12
Divya,Lakshmi,1181367.82,29-08-2025,00:40:00,AMZN,2562.62
Chetan,Grace,293910.27,17-07-2025,08:20:50,GOOGL,2084.47
Jack,Gauri,629615.82,11-08-2025,08:16:21,AAPL,2077.94
Jaya,Sneha,563252.5,07-06-2025,12:56:23,AAPL,1942.25
Bob,David,381699.94,22-10-2025,12:49:27,RELIANCE,2913.74
Arjun,Kiran,361643.92,04-12-2025,21:50:45,ICICIBANK,888.56
Harish,Ivy,203543.9,28-08-2025,17:09:08,TCS,650.3
Neha,Jack,86621.83,01-07-2025,07:13:02,TCS,1420.03
Bhavna,Kiran,57106.24,02-09-2025,11:57:52,HDFC,155.18
Frank,Manoj,701780.1,05-11-2025,23:19:22,ADANIENT,2678.55
Bhavna,Kiran,657821.12,25-09-2025,17:31:14,AAPL,1758.88
David,Neha,674090.44,13-11-2025,00:07:08,NVDA,2622.92
Jack,Neha,428197.21,17-08-2025,14:21:52,NFLX,2659.61
Eve,Sneha,188552.27,19-09-2025,11:58:07,RELIANCE,652.43
Sneha,Eve,277923,15-10-2025,04:27:24,INFY,2779.23
Harish,Jack,50091.8,19-08-2025,20:59:58,HDFC,1138.45
Harish,Frank,291732.58,28-09-2025,09:49:50,AAPL,2472.31
Bhavna,Chetan,188201.88,01-08-2025,16:04:44,TSLA,2163.24
Bob,Manoj,521700.06,01-06-2025,01:30:34,TSLA,1425.41
Grace,Hannah,206516.51,04-09-2025,15:04:15,TSLA,714.59
Alice,Jaya,654702.75,04-11-2025,08:58:49,AAPL,2694.25
Kiran,Jaya,125281.79,31-12-2025,05:36:58,AMZN,2913.53
Jaya,Divya,485276.22,04-08-2025,22:50:16,GOOGL,1696.77
Sneha,Frank,152201.1,14-07-2025,17:16:43,AMZN,2495.1
Kiran,Lakshmi,24459.87,03-07-2025,11:22:42,ADANIENT,274.83
David,Grace,301754.6,16-08-2025,14:08:45,TCS,2251.9
David,Sneha,222797.7,22-06-2025,07:30:26,ICICIBANK,2475.53
Alice,Charlie,1059428.4,25-07-2025,11:55:39,TSLA,2863.32
Eve,Sneha,152880,08-08-2025,17:48:19,INFY,367.5
Harish,Sneha,23614.5,03-09-2025,21:31:38,META,674.7
Gauri,Manoj,555412.05,13-09-2025,19:00:33,AMZN,2683.15
Harish,Neha,315382.91,18-06-2025,05:29:01,META,2483.33
Bob,Neha,509002.35,29-11-2025,00:53:21,TSLA,1519.41
Gauri,Varun,105562.24,03-06-2025,01:18:21,ADANIENT,471.26
Grace,Lakshmi,516218.01,13-08-2025,18:53:10,INFY,1091.37
Neha,Bob,61962.8,24-11-2025,07:11:12,TSLA,163.06
Divya,Bhavna,59933.16,07-11-2025,08:54:57,AAPL,1426.98
Grace,Hannah,206158.95,03-09-2025,17:11:25,ADANIENT,425.07
Bhavna,Harish,92521.44,02-06-2025,07:21:19,AAPL,191.16
Hannah,Ivy,33630.66,12-08-2025,22:27:23,NFLX,273.42
David,Sneha,26075.75,15-07-2025,13:12:09,HDFC,1043.03
Arjun,Harish,262083,31-08-2025,19:23:50,NVDA,873.61
Gauri,Chetan,259156.5,08-11-2025,00:49:25,TSLA,1727.71
Kiran,Jack,1050936.6,23-09-2025,05:18:01,SBIN,2502.23
Arjun,Harish,384280.04,02-12-2025,16:53:14,INFY,1357.88
Eve,Divya,1261072.75,22-12-2025,04:22:12,SBIN,2885.75
Chetan,Eve,65239.2,29-09-2025,06:26:15,META,198.9
Gauri,Varun,314451.04,24-07-2025,22:20:49,ADANIENT,1629.28
Bob,Grace,162822,14-11-2025,18:00:24,AAPL,616.75
Bob,Farhan,252942.42,28-12-2025,13:54:38,HDFC,1887.63
Eve,Manoj,1269089.8,31-08-2025,19:06:46,HDFC,2616.68
Manoj,Varun,384632.43,23-08-2025,22:41:40,GOOGL,1408.91
Eve,Manoj,223211.36,30-06-2025,05:26:05,AMZN,820.63
Manoj,Charlie,584111.21,30-12-2025,08:35:27,INFY,1866.17
Alice,Jack,479016.89,20-09-2025,16:37:01,ADANIENT,1767.59
Harish,Sneha,27289.8,15-07-2025,18:57:51,SBIN,1364.49
Sneha,Bhavna,886879.2,10-12-2025,00:34:49,HDFC,1802.6
Manoj,David,22545.38,15-07-2025,13:08:39,NVDA,157.66
Charlie,Lakshmi,91673.1,23-07-2025,08:40:08,TSLA,536.1
Arjun,Divya,77404.48,06-07-2025,20:39:03,HDFC,1334.56
Lakshmi,Chetan,520869.58,30-06-2025,12:17:52,RELIANCE,2565.86
Farhan,Sneha,147504.72,30-06-2025,22:53:40,NVDA,1250.04
Harish,Jack,198403.1,22-09-2025,07:21:52,RELIANCE,914.3
Varun,Rohit,504239.9,31-08-2025,03:49:27,SBIN,2231.15
Bhavna,Arjun,129001.05,03-09-2025,10:42:43,AMZN,1449.45
Hannah,Alice,650519.84,28-10-2025,09:38:56,ADANIENT,2756.44
Manoj,Lakshmi,1981.5,22-12-2025,22:07:11,ADANIENT,198.15
Ivy,Chetan,54342.52,11-06-2025,08:29:29,AAPL,936.94
David,Alice,1162546.8,18-10-2025,14:39:06,NFLX,2835.48
Bhavna,Divya,910335.7,10-09-2025,19:19:57,INFY,2193.58
Jack,Kiran,501240.4,25-11-2025,20:24:53,HDFC,1061.95
Manoj,Eve,28401.78,14-09-2025,18:17:04,META,112.26
Kiran,Eve,828183.4,19-12-2025,11:55:32,HDFC,1981.3
Neha,Arjun,415967.5,12-09-2025,11:37:28,HDFC,1279.9
Bob,Divya,717922.92,04-07-2025,21:37:25,NFLX,2601.17
Gauri,Rohit,58136.96,24-07-2025,00:20:30,AMZN,259.54
Hannah,Lakshmi,135658.38,22-08-2025,01:22:10,GOOGL,948.66
David,Jack,44641.05,30-09-2025,11:32:45,RELIANCE,2976.07
Bob,Chetan,166421.43,21-11-2025,15:00:43,INFY,2641.61
Lakshmi,Sneha,540215.35,27-09-2025,23:03:09,ICICIBANK,2714.65
Bob,Jack,544907.5,22-12-2025,05:36:07,NFLX,1291.25
Bob,Grace,523719.7,21-07-2025,02:54:35,AMZN,1289.95
Rohit,Gauri,264927.6,15-09-2025,18:50:57,HDFC,2523.12
Ivy,Jack,463309.58,22-08-2025,05:28:17,GOOGL,1097.89
Harish,Ivy,12870.7,26-10-2025,13:44:25,AAPL,192.1
Hannah,Bhavna,546686.01,03-09-2025,01:20:51,TCS,1557.51
Kiran,Charlie,165694.23,04-11-2025,01:17:31,RELIANCE,1416.19
Rohit,Ivy,263974.34,04-07-2025,13:42:05,TSLA,1926.82
Manoj,Jack,19671.05,18-08-2025,12:22:15,RELIANCE,562.03
Jack,Alice,80756.8,18-11-2025,16:39:32,INFY,504.73
Bob,Rohit,490244.3,08-10-2025,12:34:08,NFLX,2059.85
Chetan,Lakshmi,441831.86,25-08-2025,15:06:54,HDFC,2441.06
Jack,Frank,13545.56,23-07-2025,00:45:10,INFY,1935.08
Bob,Divya,319039.5,05-08-2025,18:30:56,NFLX,2454.15
Bob,Neha,304035.48,28-06-2025,18:32:18,ICICIBANK,671.16
Frank,Farhan,1006104.75,28-09-2025,00:16:31,GOOGL,2933.25
Alice,Jaya,217625.61,12-11-2025,12:45:27,AMZN,704.29
Arjun,Farhan,520325.34,05-09-2025,06:35:14,MSFT,1044.83
Grace,Jack,166573.44,07-11-2025,15:38:40,GOOGL,578.38
Alice,Manoj,136214,29-10-2025,01:24:32,MSFT,2724.28
Sneha,Grace,840588.5,31-12-2025,17:27:36,ADANIENT,1769.66
Kiran,Bhavna,701323.2,25-09-2025,14:44:04,GOOGL,1627.2
Chetan,Grace,419638.83,27-12-2025,00:04:48,SBIN,2483.07
Jack,Bhavna,621287.76,08-09-2025,18:47:13,NVDA,2010.64
Harish,Lakshmi,402946.16,28-09-2025,01:10:44,SBIN,1217.36
Varun,Lakshmi,1224175.83,17-08-2025,06:12:14,RELIANCE,2978.53
Kiran,Hannah,330368.08,05-09-2025,14:04:15,TCS,779.17
Ivy,Bob,878424.6,25-12-2025,08:44:57,ADANIENT,2453.7
Rohit,Arjun,43117.14,15-12-2025,19:50:31,ICICIBANK,178.17
Harish,Ivy,674902.66,28-07-2025,17:00:44,TCS,2198.38
Bhavna,Eve,346366.47,18-12-2025,11:58:48,TCS,1391.03
Varun,Jaya,526709.81,26-09-2025,06:30:04,SBIN,2816.63
Divya,Arjun,240389.1,30-09-2025,19:37:49,AMZN,2670.99
Arjun,Jack,614330.13,28-07-2025,04:56:08,META,2636.61
Bob,Farhan,221644.08,15-09-2025,04:43:23,ADANIENT,690.48
Bob,Farhan,1160976.6,13-10-2025,13:47:13,GOOGL,2632.6
David,Neha,469159.2,07-10-2025,18:39:19,AMZN,1303.22
Divya,Alice,14557.9,29-12-2025,22:43:51,NFLX,148.55
Manoj,Sneha,145170.96,04-11-2025,22:46:33,RELIANCE,299.94
Ivy,Bhavna,117092.9,18-12-2025,19:19:56,NVDA,2209.3
Chetan,Rohit,949469.04,03-10-2025,17:26:49,MSFT,2930.46
Sneha,Bhavna,404804.46,13-07-2025,06:53:41,AAPL,2545.94
Rohit,Manoj,21569.04,30-09-2025,21:21:37,ICICIBANK,1797.42
Bob,Rohit,61955.14,23-10-2025,03:10:44,ADANIENT,472.94
Jack,Varun,235715.9,05-07-2025,08:24:51,RELIANCE,1240.61
Varun,Bob,157526.4,10-07-2025,17:38:09,AMZN,2582.4
Grace,Farhan,541930.17,30-12-2025,08:07:14,GOOGL,2696.17
Alice,Hannah,31364,01-09-2025,06:40:18,ADANIENT,627.28
Farhan,Lakshmi,1033008.76,24-10-2025,05:17:27,SBIN,2901.71
Gauri,Grace,400989.3,10-07-2025,05:16:31,NFLX,1297.7
Harish,Rohit,477318,09-09-2025,10:12:23,AAPL,2251.5
Farhan,Divya,356141.18,29-11-2025,00:10:21,AMZN,2919.19
Hannah,Gauri,1083317.76,08-11-2025,17:14:26,RELIANCE,2865.92
Grace,David,114331.53,22-12-2025,20:25:18,INFY,390.21
Frank,Varun,77686.7,10-11-2025,06:09:40,SBIN,2219.62
Frank,Bob,185687.88,07-09-2025,17:08:02,AAPL,2210.57
Divya,Kiran,782680.2,18-08-2025,18:48:54,TSLA,2162.1
Bob,Kiran,740873.7,16-10-2025,18:07:18,GOOGL,2300.85
Divya,Charlie,639216.9,26-12-2025,23:27:00,NFLX,2029.26
Neha,Alice,38144.1,05-12-2025,10:03:58,GOOGL,2542.94
Alice,Hannah,425118.75,26-10-2025,21:15:36,TCS,1133.65
Divya,Lakshmi,77212.59,13-10-2025,10:11:26,AMZN,848.49
Gauri,David,149773.79,14-06-2025,08:44:47,META,2109.49
Jaya,Varun,97750.08,09-12-2025,11:20:55,NVDA,2715.28
Grace,Ivy,64612.9,01-09-2025,04:27:04,RELIANCE,587.39
Grace,Hannah,519805.91,24-10-2025,17:18:51,META,1836.77
Gauri,Divya,98196.66,09-09-2025,04:27:48,TCS,474.38
Chetan,Divya,301789.96,26-09-2025,18:39:43,ICICIBANK,1174.28
Jack,Farhan,117987.17,26-08-2025,08:27:23,ICICIBANK,706.51
Frank,Hannah,769294.88,15-08-2025,10:42:57,INFY,2661.92
Chetan,Harish,93304.8,01-12-2025,00:01:44,ADANIENT,388.77
Bob,Kiran,404146.2,02-08-2025,20:18:25,MSFT,1138.44
Manoj,Gauri,1004447.51,11-11-2025,11:23:02,AAPL,2467.93
Bhavna,Arjun,319185.9,14-12-2025,06:29:01,HDFC,2637.9
Eve,Divya,268205.8,29-07-2025,04:58:54,META,1122.2
Charlie,Manoj,1161627.17,14-09-2025,17:11:57,META,2575.67
Bob,Alice,183681.41,16-06-2025,15:15:53,MSFT,409.09
Manoj,Neha,88096.8,02-07-2025,07:20:19,INFY,620.4
Rohit,Sneha,1018170.68,21-06-2025,05:07:29,AMZN,2860.03
Bob,Alice,533558.2,26-10-2025,11:56:19,GOOGL,2750.3
Neha,Farhan,28161.25,18-07-2025,17:19:21,AAPL,1126.45
Jaya,Bhavna,681114.01,20-10-2025,01:44:45,GOOGL,1381.57
Frank,Farhan,963796.86,20-09-2025,09:31:22,INFY,2722.59
Gauri,Farhan,791761.38,24-09-2025,07:54:37,ADANIENT,2014.66
Divya,Jack,192668.19,23-08-2025,01:14:09,MSFT,662.09
Chetan,David,755998.5,17-08-2025,03:43:32,META,1778.82
Bob,Alice,372625.92,14-08-2025,10:31:26,RELIANCE,1725.12
Grace,David,65097.75,30-09-2025,11:48:24,SBIN,891.75
Farhan,Frank,1161539.12,10-10-2025,14:59:47,INFY,2963.11
Sneha,Jack,801361.47,23-06-2025,12:42:39,MSFT,2244.71
Charlie,Jaya,310387.41,29-12-2025,23:01:36,META,1004.49
Hannah,Harish,41314,18-07-2025,09:30:41,TSLA,158.9
Farhan,David,1303428.48,27-10-2025,09:48:51,TSLA,2670.96
Kiran,Varun,397284.14,23-12-2025,09:16:10,NVDA,1641.67
Kiran,Chetan,585244.8,10-11-2025,21:18:05,AMZN,1741.8
Alice,Bob,258091.82,17-11-2025,01:59:59,META,2633.59
Chetan,Hannah,816787.58,09-08-2025,19:31:55,META,2713.58
Neha,Ivy,1319954.72,21-10-2025,12:33:04,AMZN,2844.73
Grace,Kiran,168145.92,22-09-2025,19:18:38,INFY,1751.52
Varun,Neha,77190.16,04-08-2025,16:55:32,HDFC,507.83
Bhavna,Arjun,659765.25,08-06-2025,19:15:30,RELIANCE,2932.29
David,Ivy,861442.56,22-09-2025,10:34:50,NVDA,2787.84
Rohit,Charlie,339924.52,25-11-2025,20:51:28,TCS,1538.12
Sneha,Bob,85734.28,26-10-2025,06:59:42,AMZN,522.77
Frank,Farhan,544417.44,11-10-2025,04:32:46,TCS,2297.12
Gauri,Jack,137609.85,17-08-2025,23:05:06,AAPL,331.59
Frank,Farhan,1182392.61,29-10-2025,06:38:26,META,2963.39
Chetan,Divya,452753.32,10-09-2025,17:45:58,INFY,1166.89
Jaya,Bob,463223.04,18-11-2025,03:25:44,NVDA,1378.64
Divya,Jack,473158.8,08-06-2025,16:35:48,AAPL,2451.6
Hannah,Frank,499509.82,08-06-2025,11:28:32,SBIN,1443.67
Charlie,Ivy,408937.95,03-08-2025,22:13:22,INFY,2744.55
Manoj,Lakshmi,167223.15,08-07-2025,00:19:45,HDFC,574.65
David,Eve,534724.89,17-10-2025,01:48:25,ICICIBANK,2464.17
Bhavna,Grace,706785.06,03-07-2025,09:06:56,NFLX,2506.33
Kiran,Harish,715661.9,16-09-2025,09:06:55,META,2401.55
Charlie,Lakshmi,177985.69,02-11-2025,16:17:18,AAPL,744.71
Gauri,Chetan,246789.4,13-12-2025,02:46:39,ICICIBANK,949.19
Bob,Lakshmi,484360.92,24-12-2025,19:18:46,ADANIENT,1341.72
Sneha,David,158246.19,10-12-2025,06:09:50,ADANIENT,386.91
Charlie,David,424599.84,07-11-2025,05:40:39,INFY,2948.61
Divya,Chetan,824799.24,13-07-2025,22:12:20,NVDA,2924.82
Farhan,Manoj,870526.92,03-11-2025,06:57:03,SBIN,2062.86
Varun,Grace,223137.2,18-11-2025,18:17:18,HDFC,780.2
Charlie,Sneha,209051.55,14-10-2025,10:46:01,SBIN,455.45
Sneha,Rohit,209212.96,04-10-2025,06:25:06,ADANIENT,901.78
Farhan,Neha,227004.75,07-10-2025,04:58:38,NVDA,1008.91
Arjun,Neha,452894.82,08-06-2025,10:10:57,NFLX,1376.58
Charlie,Lakshmi,357385.42,10-06-2025,23:04:09,ICICIBANK,1041.94
Ivy,Bhavna,956127,30-07-2025,13:28:22,TCS,2148.6
Eve,Manoj,5286.66,20-12-2025,00:28:40,ICICIBANK,1762.22
Grace,David,547531.11,29-12-2025,16:30:52,INFY,2896.99
Sneha,Eve,421.93,07-07-2025,22:27:30,ADANIENT,421.93
David,Grace,49329.35,13-06-2025,06:23:48,ICICIBANK,508.55
Jack,Hannah,444444,28-11-2025,17:51:04,INFY,1443
Manoj,Kiran,705048,23-09-2025,13:47:03,AMZN,1519.5
Sneha,Hannah,240187.74,27-09-2025,05:09:47,TSLA,486.21
Sneha,Neha,3079.2,11-09-2025,19:17:28,SBIN,1539.6
Charlie,Ivy,43338.64,15-11-2025,06:32:40,TSLA,1057.04
Charlie,Grace,28963.88,23-06-2025,05:30:21,ADANIENT,658.27
Eve,Kiran,321205.37,21-11-2025,11:23:23,TCS,2310.83
Frank,Eve,157912.74,26-07-2025,06:16:21,META,2924.31
Manoj,Farhan,346143.24,12-11-2025,00:42:52,HDFC,1460.52
Farhan,David,1284020.37,24-08-2025,07:05:55,MSFT,2797.43
Arjun,Ivy,13117.5,17-09-2025,02:11:16,MSFT,524.7
Harish,Chetan,158962.92,05-07-2025,03:26:44,GOOGL,1827.16
Hannah,Bhavna,74933.52,21-08-2025,07:34:03,NVDA,435.66
Gauri,Bhavna,434262.66,29-12-2025,12:07:53,MSFT,1186.51
Lakshmi,Neha,913979.36,05-09-2025,17:01:10,RELIANCE,2331.58
David,Varun,373226.77,09-06-2025,01:40:11,HDFC,1441.03
Jaya,Harish,280892.16,27-07-2025,01:04:45,MSFT,1897.92
Charlie,Hannah,48395.1,12-07-2025,10:04:21,SBIN,124.09
Jaya,David,32306.03,20-06-2025,09:04:51,MSFT,1404.61
Kiran,Alice,140267.15,15-09-2025,15:19:44,INFY,2646.55
David,Frank,86382.94,01-10-2025,01:18:51,AMZN,536.54
Jaya,Charlie,99815.1,18-10-2025,00:45:33,GOOGL,491.7
Ivy,Bhavna,926568.22,19-11-2025,11:04:42,TSLA,2211.38
Manoj,Charlie,990114.84,17-07-2025,19:47:27,NVDA,2500.29
Rohit,Jaya,1004727.6,16-10-2025,09:16:28,SBIN,2203.35
Farhan,Harish,353425.95,07-08-2025,21:36:01,HDFC,2617.97
Bhavna,Rohit,634410.32,09-07-2025,21:54:10,INFY,1660.76
Varun,Jaya,62451.67,17-12-2025,04:18:46,META,2014.57
Manoj,Bhavna,563279.19,15-09-2025,14:40:01,HDFC,1822.91
Charlie,Varun,431641.44,20-06-2025,07:18:29,TSLA,1315.98
Jaya,Farhan,80564.4,08-12-2025,22:13:50,INFY,2014.11
Hannah,Ivy,131801.04,24-07-2025,14:36:45,ICICIBANK,523.02
Harish,Grace,1322042,28-12-2025,16:55:51,HDFC,2837
Bhavna,Alice,635062.05,02-07-2025,06:32:40,MSFT,1830.15
Manoj,Sneha,461770,17-11-2025,11:25:31,AMZN,1847.08
Gauri,Sneha,65698.31,24-10-2025,15:31:54,SBIN,1775.63
Neha,Alice,270821.62,30-11-2025,19:40:44,TSLA,1029.74
Harish,Bob,293349.15,17-11-2025,14:24:53,NVDA,2848.05
Jack,Arjun,50886.81,14-09-2025,02:24:05,RELIANCE,1641.51
Eve,Grace,40368.2,20-08-2025,22:08:42,AMZN,593.65
Arjun,Kiran,430019.4,03-08-2025,19:42:47,RELIANCE,1604.55
Jaya,Chetan,65906.68,21-11-2025,02:26:41,ICICIBANK,229.64
Jack,Sneha,1138398.56,31-12-2025,06:10:31,TCS,2972.32
Gauri,Rohit,51044.13,11-08-2025,00:01:37,SBIN,246.59
Chetan,Lakshmi,813978.84,03-10-2025,15:17:50,MSFT,2352.54
Harish,Farhan,444884.4,06-06-2025,01:27:36,AMZN,1611.9
David,Kiran,794490.4,30-12-2025,09:47:22,TSLA,1805.66
Harish,Kiran,810767.92,22-09-2025,09:57:35,SBIN,2926.96
Manoj,Alice,394444.7,21-10-2025,05:08:06,GOOGL,1636.7
Lakshmi,Alice,1074254.79,26-12-2025,23:08:21,TSLA,2224.13
Harish,Grace,218259.81,14-10-2025,19:26:14,RELIANCE,591.49
Harish,Arjun,1547.1,03-07-2025,19:50:42,HDFC,515.7
Jaya,Harish,768321.04,08-12-2025,17:25:29,RELIANCE,1666.64
Hannah,Chetan,1126168.52,01-10-2025,20:04:29,ICICIBANK,2612.92
Manoj,Varun,659505.84,15-09-2025,01:54:41,TCS,1443.12
Gauri,Frank,1187615.52,19-10-2025,08:25:15,NVDA,2749.11
Varun,Eve,861537.04,26-07-2025,02:08:22,AAPL,2366.86
Lakshmi,Varun,117914.16,21-09-2025,22:25:37,NFLX,431.92
Charlie,Arjun,1009257.96,04-12-2025,15:10:57,META,2203.62
Jack,Charlie,799366.85,18-11-2025,03:35:51,INFY,1796.33
Manoj,Varun,76259.68,22-10-2025,15:25:08,MSFT,268.52
Harish,Ivy,109762.24,23-07-2025,02:45:01,MSFT,1960.04
Bob,Alice,609828.77,30-10-2025,06:22:45,META,1520.77
Alice,Rohit,885317.51,13-10-2025,07:16:49,GOOGL,2775.29
Chetan,Eve,1086212.16,26-07-2025,14:07:16,TSLA,2244.24
Arjun,Kiran,418841.28,15-09-2025,10:43:25,NVDA,1057.68
Hannah,Divya,1769.5,04-07-2025,07:29:14,TSLA,884.75
Chetan,Divya,105143.77,09-06-2025,01:55:01,RELIANCE,1569.31
Eve,Neha,406819.68,05-12-2025,08:09:42,META,1022.16
Manoj,Arjun,908410.8,25-11-2025,18:52:10,NVDA,2064.57
Bhavna,Jack,317010.89,08-08-2025,20:58:53,TCS,924.23
Grace,Lakshmi,143321.05,12-07-2025,05:32:09,NVDA,1246.27
Bob,Arjun,28869.72,09-11-2025,15:24:53,GOOGL,2624.52
Gauri,Sneha,36762.92,26-10-2025,13:24:20,ICICIBANK,693.64
Charlie,Varun,142501.78,09-08-2025,15:06:21,HDFC,1803.82
David,Ivy,1135764.63,04-06-2025,18:38:10,MSFT,2575.43
Harish,Gauri,940946.6,19-06-2025,16:47:34,SBIN,2767.49
Divya,Varun,137304.56,02-12-2025,23:52:53,MSFT,2367.32
Neha,Farhan,1127333.7,16-11-2025,22:41:06,NFLX,2783.54
Lakshmi,David,762302.8,06-08-2025,13:49:40,META,2865.8
Jaya,Bhavna,10061.75,19-07-2025,20:25:47,NVDA,2012.35
Kiran,Bob,113641.22,08-07-2025,00:37:28,NFLX,1042.58
Frank,Lakshmi,723090.24,15-06-2025,14:01:38,SBIN,2231.76
Farhan,Bhavna,279643.2,08-07-2025,07:33:15,ADANIENT,1013.2
Bhavna,Alice,21976.52,22-06-2025,13:44:42,ICICIBANK,148.49
Rohit,Jaya,1015210.26,11-10-2025,00:43:34,SBIN,2088.91
Neha,Manoj,130709.76,20-10-2025,13:30:23,AMZN,1021.17
Lakshmi,Rohit,441462,12-09-2025,17:33:23,RELIANCE,2102.2
Rohit,Hannah,398720.9,18-06-2025,18:18:06,INFY,1009.42
David,Bhavna,54864.32,16-08-2025,19:52:36,META,279.92
Bhavna,Jaya,699966.69,29-09-2025,06:43:36,GOOGL,1711.41
Jaya,Ivy,21409.8,24-11-2025,19:53:41,NVDA,1070.49
Eve,Harish,24168.4,25-09-2025,13:02:06,GOOGL,163.3
Lakshmi,Bhavna,611538.88,01-08-2025,18:27:56,TSLA,1459.52
Bob,Bhavna,139954.32,05-08-2025,03:17:59,MSFT,706.84
Grace,Frank,115717.88,02-12-2025,21:41:31,TCS,490.33
Neha,Gauri,372172.2,19-11-2025,04:01:22,TCS,2497.8
Varun,Harish,162782.73,21-10-2025,07:42:07,AAPL,786.39
Arjun,Gauri,595168.31,30-11-2025,18:53:39,HDFC,1462.33
Sneha,Kiran,559592.94,03-11-2025,10:28:49,ADANIENT,2042.31
Jack,Bob,273275.6,06-11-2025,02:48:30,TCS,1051.06
Eve,Sneha,133603.44,04-11-2025,13:39:30,GOOGL,268.28
Rohit,Kiran,77049.84,29-07-2025,01:12:26,RELIANCE,1834.52
Arjun,Chetan,837381.75,16-10-2025,02:01:26,SBIN,1970.31
Hannah,Charlie,39985.65,12-09-2025,08:51:00,ICICIBANK,1480.95
Varun,Jack,181080.18,11-10-2025,20:13:22,GOOGL,879.03
Eve,Rohit,23520.78,23-10-2025,15:47:29,HDFC,145.19
Jack,Farhan,544998.3,30-12-2025,05:18:10,META,2359.3
Ivy,Rohit,132624.6,20-09-2025,09:33:18,META,940.6
Bhavna,Neha,168402.52,04-08-2025,03:40:58,ADANIENT,1427.14
David,Hannah,578671.58,23-10-2025,18:41:26,NFLX,1210.61
Jaya,Charlie,544531.68,29-11-2025,10:26:03,SBIN,1375.08
David,Rohit,67534.32,23-10-2025,14:31:50,AAPL,803.98
Gauri,Jack,9678.9,30-06-2025,19:03:19,HDFC,322.63
Divya,Harish,103404.68,10-10-2025,12:44:34,NFLX,1202.38
Arjun,Harish,367770.69,11-12-2025,23:45:41,META,2403.73
David,Grace,1422829.14,09-07-2025,08:56:34,INFY,2976.63
Charlie,Bob,34807.84,21-06-2025,11:54:23,AMZN,255.94
Grace,Varun,75665.06,29-11-2025,10:40:06,NFLX,1304.57
Arjun,Neha,31329.1,03-07-2025,10:13:53,ICICIBANK,569.62
Farhan,Gauri,132210.36,14-08-2025,18:34:59,MSFT,579.87
Lakshmi,Alice,769738.88,04-11-2025,09:46:01,AMZN,1658.92
Charlie,Rohit,302271.27,26-10-2025,21:05:19,GOOGL,1053.21
Lakshmi,Rohit,11378.4,18-09-2025,16:30:19,MSFT,2275.68
Lakshmi,Charlie,119600.43,29-06-2025,06:26:59,TSLA,441.33
Alice,Jaya,216467.73,26-11-2025,10:59:06,SBIN,775.87
Jaya,Harish,86501.75,31-08-2025,12:43:39,TSLA,483.25
Jack,Chetan,432015.9,17-06-2025,10:07:52,GOOGL,2979.42
Farhan,Sneha,1090604.42,22-10-2025,23:58:48,INFY,2185.58
Bhavna,Farhan,533294.42,09-06-2025,13:40:58,MSFT,2492.03
Alice,Farhan,54379.64,25-06-2025,17:19:42,GOOGL,300.44
Alice,David,278466.66,19-06-2025,03:06:05,TSLA,1628.46
Frank,Gauri,5393.25,29-07-2025,00:29:24,AAPL,119.85
Bhavna,Farhan,112648.2,09-06-2025,01:48:01,RELIANCE,2682.1
Hannah,Neha,804284.68,03-12-2025,16:48:47,NFLX,2099.96
Chetan,Gauri,321369.44,19-11-2025,13:56:26,AMZN,819.82
Chetan,Kiran,194569.36,21-11-2025,01:09:09,INFY,1785.04
Gauri,Neha,504498.24,28-06-2025,21:36:09,GOOGL,1167.82
Arjun,Chetan,487088.8,15-08-2025,23:02:19,META,2767.55
Bob,Charlie,292648.26,01-11-2025,11:52:13,ICICIBANK,2567.09
Grace,Varun,404332.76,29-11-2025,01:13:56,RELIANCE,1907.23
Farhan,Frank,50586.06,25-09-2025,03:18:51,RELIANCE,2408.86
Grace,Chetan,451766.28,07-06-2025,05:37:47,ADANIENT,2304.93
Ivy,Lakshmi,289122.44,23-11-2025,00:19:22,INFY,1953.53
Varun,Manoj,82190.24,30-12-2025,14:11:59,AMZN,613.36
Bob,Arjun,81510.8,08-08-2025,04:06:40,AAPL,947.8
Neha,Kiran,140017.44,12-06-2025,01:16:29,MSFT,2745.44
Bob,Kiran,339045.03,06-07-2025,20:26:23,HDFC,758.49
Grace,Chetan,233497.44,01-12-2025,10:30:01,HDFC,2358.56
Frank,Gauri,58827.06,15-11-2025,17:48:50,HDFC,363.13
Charlie,David,827737.2,27-06-2025,13:40:26,AAPL,2670.12
Gauri,Harish,981998.08,05-08-2025,02:49:34,GOOGL,2191.96
Jack,Alice,200642.12,09-08-2025,17:34:05,META,468.79
Charlie,Hannah,14301.42,16-06-2025,10:39:23,NFLX,120.18
Hannah,Charlie,687524.46,13-08-2025,22:03:51,META,2438.03
Frank,Varun,591178.28,21-10-2025,21:49:00,TCS,1919.41
Bhavna,Jaya,473604,06-10-2025,06:47:37,NFLX,1941
Frank,Charlie,951996.2,13-09-2025,05:58:00,AMZN,2651.8
Jaya,Frank,223398.08,18-10-2025,02:16:35,INFY,607.06
Neha,Chetan,131355.5,14-12-2025,01:04:29,NFLX,2264.75
Alice,Rohit,527562.24,18-10-2025,01:07:44,MSFT,2060.79
Grace,Bob,5957.2,12-06-2025,20:47:42,TSLA,112.4
Eve,Manoj,466196.2,16-12-2025,14:58:55,NFLX,1013.47
Neha,Ivy,905100.66,09-12-2025,05:44:14,AAPL,2718.02
Jaya,Ivy,43708,01-10-2025,11:16:40,AAPL,2185.4
Manoj,David,353055.75,01-11-2025,15:28:28,META,1023.35
Harish,Grace,203710.77,01-11-2025,09:25:02,NFLX,984.11
Chetan,Jaya,270179.98,17-07-2025,02:24:46,TCS,2270.42
Ivy,Eve,238475.16,25-07-2025,16:54:16,NVDA,1892.66
Divya,Jack,82737.18,28-07-2025,17:34:09,META,336.33
Jack,Charlie,468480.48,29-08-2025,08:55:53,NVDA,1213.68
Grace,David,44458.72,22-12-2025,06:36:40,SBIN,393.44
Kiran,Farhan,363924,27-11-2025,22:58:53,TCS,808.72
Varun,Jaya,339681,05-07-2025,18:37:35,RELIANCE,2264.54
Divya,Alice,313308.94,23-09-2025,11:43:24,NFLX,721.91
Frank,Grace,444952.2,27-07-2025,05:07:07,GOOGL,2118.82
Bhavna,Charlie,220768.56,04-06-2025,10:29:50,RELIANCE,935.46
Bhavna,Bob,75838.5,30-08-2025,09:56:48,GOOGL,159.66
Hannah,Bhavna,313516.8,17-11-2025,06:07:26,RELIANCE,816.45
Lakshmi,Eve,138387.13,04-12-2025,16:03:54,MSFT,681.71
Varun,Harish,706858.4,17-06-2025,18:40:56,RELIANCE,1457.44
Rohit,David,358967.2,14-06-2025,05:53:08,ADANIENT,763.76
Alice,Chetan,316656.72,10-11-2025,01:00:25,GOOGL,2493.36
Farhan,Jaya,237099.72,15-06-2025,22:15:12,ICICIBANK,1658.04
Jaya,Rohit,77356.8,01-11-2025,11:36:44,ICICIBANK,379.2
Charlie,Bhavna,608357.38,08-06-2025,03:49:42,ICICIBANK,2728.06
Alice,Rohit,104324.22,26-08-2025,03:58:41,NVDA,1337.49
Varun,Manoj,151813.8,13-10-2025,10:43:59,NVDA,733.4
Manoj,Frank,42989.31,18-09-2025,09:59:08,TCS,1482.39
Gauri,Bhavna,56616.56,16-12-2025,13:15:29,INFY,183.82
Varun,Jaya,292468.9,26-11-2025,08:36:48,INFY,1539.31
Neha,Grace,298406.4,02-07-2025,07:02:25,ICICIBANK,1165.65
Grace,Chetan,1408473.04,22-07-2025,13:07:39,NVDA,2851.16
Varun,Lakshmi,25703.46,18-09-2025,21:42:43,GOOGL,475.99
Frank,David,189712,14-11-2025,16:24:41,ICICIBANK,474.28
Ivy,Gauri,5103.68,28-11-2025,22:54:57,SBIN,124.48
Farhan,Neha,25667.64,12-07-2025,03:13:10,META,313.02
Sneha,Charlie,359617.5,06-11-2025,18:58:26,AMZN,2876.94
Charlie,Farhan,442892.16,18-10-2025,18:48:21,INFY,1537.82
Manoj,Kiran,356661.91,15-06-2025,04:16:21,ICICIBANK,763.73
Gauri,Jaya,227369.25,14-09-2025,11:13:55,HDFC,545.25
Gauri,Eve,331639.55,13-11-2025,08:55:52,HDFC,903.65
Grace,Gauri,669654.24,28-07-2025,01:40:27,META,2937.08
Charlie,Bhavna,127615.8,16-08-2025,10:51:23,AMZN,1636.1
Grace,Rohit,473293.26,16-12-2025,09:35:45,TSLA,1265.49
Rohit,Jaya,1040504.4,20-12-2025,09:29:02,INFY,2964.4
Manoj,Bhavna,80277.51,13-12-2025,02:01:57,AAPL,2768.19
Charlie,David,154097.4,28-07-2025,13:31:31,TSLA,650.2
Jaya,Harish,16966.86,26-11-2025,19:31:00,AAPL,204.42
David,Divya,381307.95,20-06-2025,06:51:58,ICICIBANK,796.05
Frank,Grace,74746.28,25-08-2025,11:11:04,HDFC,157.03
Rohit,Varun,828609.6,19-11-2025,04:41:39,MSFT,2466.1
Lakshmi,Hannah,1015176.4,27-08-2025,16:11:13,AMZN,2123.8
Alice,David,396478.14,18-06-2025,23:58:12,ADANIENT,2873.03
Eve,Divya,265454.47,03-11-2025,18:42:45,INFY,2026.37
Eve,David,650874,30-12-2025,05:21:29,META,2324.55
Divya,Sneha,95696.8,24-08-2025,16:59:23,NFLX,2586.4
Jack,Hannah,265644.96,25-08-2025,05:17:59,AAPL,581.28
Frank,Rohit,211435.2,23-09-2025,05:11:30,GOOGL,2349.28
Bob,Alice,266545.62,22-12-2025,15:29:28,TCS,897.46
Jack,Neha,16733.86,10-10-2025,17:37:07,NVDA,1287.22
Gauri,Neha,544854.96,22-09-2025,07:38:47,AMZN,2328.44
Kiran,Grace,659041.5,22-10-2025,08:38:59,MSFT,2027.82
Jack,Arjun,551888.16,24-06-2025,01:24:50,TCS,1774.56
Alice,Bob,655060.5,06-12-2025,17:55:04,INFY,2426.15
Ivy,Charlie,15546.73,24-11-2025,05:19:03,ADANIENT,187.31
Bhavna,Farhan,44079.64,20-07-2025,04:39:44,HDFC,648.23
Harish,Sneha,171449.04,02-09-2025,09:03:19,META,468.44
Chetan,David,46100.22,30-07-2025,22:53:13,SBIN,258.99
Harish,Bob,439191.27,16-12-2025,14:01:51,MSFT,1100.73
Ivy,Neha,11990.25,05-07-2025,07:00:11,AMZN,164.25
Sneha,Gauri,217399.71,04-08-2025,02:13:47,INFY,1040.19
Jaya,Charlie,124536.6,01-09-2025,15:29:09,META,965.4
Harish,Chetan,67591.1,15-06-2025,14:13:28,AMZN,195.35
Lakshmi,Bob,859972.95,18-10-2025,08:03:52,ADANIENT,2123.39
Gauri,Lakshmi,163839.2,13-08-2025,11:48:58,GOOGL,963.76
Ivy,Lakshmi,783532.44,07-06-2025,19:23:35,META,2106.27
Harish,Charlie,242154.24,13-11-2025,09:01:35,TSLA,2124.16
Varun,Lakshmi,586562.1,02-12-2025,18:07:34,ICICIBANK,1700.18
Alice,Sneha,714806.82,14-12-2025,23:40:17,ICICIBANK,2366.91
Sneha,Bhavna,748966.14,12-12-2025,21:00:28,ADANIENT,2847.78
Kiran,Neha,576307.98,18-11-2025,18:48:29,AAPL,2896.02
Charlie,Eve,98550.07,01-06-2025,00:00:15,MSFT,2096.81
Rohit,Kiran,259318.78,22-07-2025,04:44:28,ICICIBANK,1211.77
Frank,Bhavna,3727.57,15-10-2025,12:56:34,TCS,338.87
Manoj,Ivy,236204.28,17-06-2025,13:46:00,NFLX,480.09
Manoj,Jack,230039.38,23-07-2025,07:28:13,NVDA,812.86
Hannah,Frank,68484,26-10-2025,13:38:17,TCS,684.84
Gauri,Lakshmi,490868.8,30-07-2025,16:33:37,NFLX,1018.4
Chetan,Harish,267262.38,15-06-2025,19:03:41,INFY,1349.81
Divya,Sneha,442206,04-07-2025,10:48:58,RELIANCE,930.96
Frank,Harish,19403.02,21-10-2025,03:57:31,AAPL,1492.54
Manoj,Hannah,819836.98,19-11-2025,10:42:56,GOOGL,2123.93
Rohit,Kiran,219697.92,13-08-2025,10:18:22,META,1056.24
Frank,Grace,70434.25,26-11-2025,20:01:24,INFY,2817.37
Divya,Varun,141295.77,16-10-2025,22:33:41,HDFC,1835.01
Manoj,Chetan,363248,25-08-2025,12:04:35,MSFT,908.12
Eve,Arjun,241017.66,10-12-2025,06:11:06,ICICIBANK,1409.46
Varun,Jack,10741.23,24-06-2025,16:41:52,MSFT,467.01
Farhan,Kiran,854681.75,22-10-2025,20:14:37,INFY,2629.79
Bob,Harish,13070.4,06-10-2025,22:05:13,GOOGL,326.76
Manoj,Alice,398476.54,02-08-2025,11:29:51,GOOGL,883.54
Bhavna,Hannah,84827.82,13-08-2025,03:32:20,HDFC,550.83
Kiran,Gauri,959324.38,28-12-2025,04:02:37,TSLA,2585.78
Arjun,Rohit,96524.8,29-11-2025,06:04:56,ICICIBANK,1206.56
Rohit,Divya,714273.9,27-10-2025,13:27:43,TSLA,1559.55
Gauri,Arjun,10662.88,15-07-2025,18:39:42,NVDA,1332.86
Harish,Jaya,177656.34,27-07-2025,13:42:14,ADANIENT,786.09
David,Chetan,507871.6,17-10-2025,22:19:57,INFY,1493.74
Bhavna,Kiran,58338.56,08-12-2025,03:22:46,INFY,130.22
Neha,Arjun,1366.08,07-06-2025,03:52:15,GOOGL,455.36
Lakshmi,David,427921.92,27-10-2025,23:16:17,NVDA,1416.96
Jaya,Manoj,237410.88,07-11-2025,09:38:54,TSLA,706.58
Lakshmi,Jack,272807.08,08-09-2025,23:35:38,NVDA,1830.92
Bob,Kiran,161189.75,28-07-2025,10:49:04,RELIANCE,1661.75
Manoj,Jaya,20190.3,25-12-2025,13:12:18,META,155.31
Lakshmi,Neha,405413.1,31-08-2025,16:41:56,ICICIBANK,1501.53
Jaya,Harish,1189690.11,08-09-2025,07:21:59,SBIN,2697.71
Rohit,Gauri,259888.5,20-12-2025,03:31:59,META,1732.59
Jaya,Harish,73107.06,21-08-2025,07:19:55,AAPL,1282.58
Harish,Divya,130056.99,10-12-2025,16:34:02,AMZN,395.31
Ivy,Arjun,125515.98,17-06-2025,15:58:26,HDFC,774.79
Manoj,Neha,540081,19-08-2025,08:47:12,META,1120.5
Alice,Lakshmi,163502.08,30-08-2025,07:14:43,RELIANCE,1277.36
David,Jack,909180.12,20-07-2025,19:51:44,AAPL,2033.96
Alice,Gauri,303915.16,21-06-2025,22:07:55,AMZN,2186.44
Arjun,Bob,202986.83,09-09-2025,09:57:20,TCS,1030.39
Chetan,Eve,155945.18,27-10-2025,05:47:05,SBIN,1163.77
Alice,Kiran,660516.12,12-12-2025,15:29:31,HDFC,1706.76
Eve,Arjun,403666.95,09-06-2025,12:54:04,META,1137.09
Harish,Divya,1109532.16,17-12-2025,02:34:44,ICICIBANK,2236.96
Charlie,Kiran,100106.2,01-07-2025,07:31:12,HDFC,294.43
Varun,Bhavna,562211.22,15-09-2025,20:49:40,TCS,1475.62
Farhan,Hannah,121809.44,10-12-2025,02:46:59,ADANIENT,444.56
Jack,Chetan,822534.88,11-08-2025,19:02:48,AMZN,2969.44
Arjun,Jack,918599.76,18-08-2025,03:46:12,MSFT,2218.84
Rohit,Hannah,110042.55,05-10-2025,05:42:48,RELIANCE,271.71
Harish,Varun,926094,09-11-2025,12:07:48,RELIANCE,1991.6
Hannah,Gauri,20256,21-06-2025,07:23:27,ADANIENT,422
Jaya,Alice,807862.5,13-07-2025,22:40:39,HDFC,2418.75
David,Varun,1287568.3,06-06-2025,07:54:59,ICICIBANK,2654.78
Varun,Ivy,494294.85,10-11-2025,13:03:34,SBIN,1893.85
Eve,Chetan,55395.75,24-12-2025,06:16:07,TSLA,237.75
Ivy,Hannah,261007.36,02-08-2025,12:06:40,ICICIBANK,1019.56
Varun,Kiran,629728.62,22-10-2025,21:54:15,ICICIBANK,1277.34
Bob,Neha,154991.04,16-06-2025,13:45:26,NVDA,379.88
Bhavna,Manoj,683127.48,13-08-2025,21:27:06,ICICIBANK,1682.58
Varun,Bhavna,245305.11,04-07-2025,18:45:12,RELIANCE,1901.59
Arjun,Eve,678080.9,15-10-2025,23:54:46,MSFT,2338.21
Varun,Eve,8142.09,09-07-2025,06:51:18,META,246.73
Kiran,Frank,817950.38,10-07-2025,14:32:13,MSFT,2613.26
Gauri,Jaya,393958.92,11-10-2025,11:43:13,AMZN,1503.66
Hannah,Divya,54176.22,21-09-2025,19:43:36,RELIANCE,582.54
Bhavna,Divya,193247.6,27-08-2025,10:15:10,ADANIENT,743.26
Farhan,Divya,1239209.64,05-10-2025,04:34:54,META,2835.72
Neha,Farhan,122276,23-11-2025,22:55:13,TSLA,1588
Ivy,Chetan,318650.84,01-07-2025,21:43:34,TSLA,1122.01
Neha,Manoj,578466.4,29-09-2025,00:43:17,ICICIBANK,1522.28
Manoj,Harish,265407.56,13-12-2025,13:09:06,META,1817.86
Jaya,Manoj,480874.02,19-06-2025,01:55:31,NVDA,1236.18
Divya,Ivy,755387.78,06-11-2025,21:07:56,NFLX,1902.74
Arjun,Kiran,604349.34,18-06-2025,10:40:17,HDFC,1392.51
Hannah,Ivy,225784.24,10-07-2025,23:51:28,NVDA,532.51
Hannah,Bhavna,5844.08,24-07-2025,12:37:05,SBIN,2922.04
Lakshmi,Jaya,107205.44,19-09-2025,15:45:36,MSFT,216.14
Chetan,Ivy,310182.41,10-11-2025,12:11:54,ADANIENT,1574.53
David,Grace,86867.66,19-08-2025,09:31:30,SBIN,1424.06
Harish,Bob,151574.94,08-09-2025,21:35:57,TCS,2048.31
Farhan,Frank,33904.68,11-08-2025,12:47:28,HDFC,168.68
Grace,Eve,838152.12,24-08-2025,19:54:25,AMZN,2479.74
Lakshmi,Sneha,883637.15,12-09-2025,18:13:24,NVDA,1814.45
Ivy,Manoj,82549.62,29-06-2025,03:59:52,NVDA,809.31
Ivy,Hannah,645292.83,13-07-2025,03:29:59,SBIN,2363.71
Charlie,Bhavna,31154.76,27-07-2025,12:53:48,META,1483.56
Jaya,Arjun,419246.7,01-06-2025,20:18:14,AMZN,1923.15
Alice,Gauri,635352.69,23-10-2025,05:34:31,ICICIBANK,1315.43
Charlie,Eve,269267.2,27-11-2025,08:16:08,TCS,841.46
David,Eve,144504.39,02-08-2025,21:25:12,MSFT,886.53
Neha,Rohit,311590.4,17-07-2025,19:41:29,GOOGL,1947.44
Sneha,Varun,77786.28,18-09-2025,04:18:57,NVDA,196.43
Grace,Frank,983267.8,10-10-2025,10:06:05,TCS,2369.32
Bhavna,Farhan,48413.56,27-06-2025,21:30:44,NVDA,1862.06
Harish,Frank,94972.38,11-10-2025,11:10:41,AMZN,736.22
Varun,Chetan,472851.06,26-12-2025,05:45:36,RELIANCE,1302.62
Divya,Farhan,1333426.96,08-08-2025,00:40:49,SBIN,2704.72
Gauri,Grace,570636.5,19-12-2025,02:27:19,RELIANCE,2145.25
Ivy,Kiran,262665.48,05-09-2025,16:31:18,AMZN,668.36
Jack,Grace,232062.16,12-09-2025,10:38:31,MSFT,1303.72
Jack,Kiran,976534.4,28-11-2025,18:48:15,TSLA,1980.8
Chetan,Neha,81482.62,14-08-2025,21:46:47,TSLA,539.62
Rohit,Hannah,369402.88,15-08-2025,06:24:08,NFLX,1049.44
Neha,Eve,625418.47,16-07-2025,13:07:20,MSFT,1792.03
Eve,Hannah,49357.35,06-08-2025,08:23:14,AAPL,609.35
Ivy,Chetan,221616.42,03-06-2025,16:53:46,AMZN,2172.71
Harish,Divya,355188.51,18-12-2025,07:42:38,INFY,744.63
Jack,Manoj,476299.2,01-06-2025,11:32:47,META,1167.4
Kiran,Frank,23057.76,09-09-2025,12:05:10,AMZN,1921.48
Varun,Sneha,236176.82,24-11-2025,04:30:20,HDFC,2989.58
Divya,Eve,384665.26,13-06-2025,16:28:08,ADANIENT,2892.22
Ivy,Eve,601798.47,29-11-2025,19:43:54,NFLX,1685.71
Chetan,Rohit,955213.6,20-10-2025,03:33:53,META,2285.2
Eve,Ivy,66031.66,10-06-2025,00:46:11,AAPL,767.81
Harish,Farhan,492962.76,01-07-2025,09:50:59,ADANIENT,2115.72
Manoj,Lakshmi,804736.23,11-12-2025,09:59:52,NFLX,2863.83
Divya,Rohit,449882.11,12-06-2025,21:57:06,META,1043.81
Jaya,Jack,486053.25,12-11-2025,03:52:28,SBIN,1112.25
Neha,Arjun,10065.96,01-12-2025,01:03:39,AMZN,1118.44
Eve,Harish,709225,24-09-2025,06:37:08,AAPL,2579
Grace,Lakshmi,16123.5,24-10-2025,00:35:33,AAPL,1612.35
Varun,Rohit,16023.15,30-06-2025,02:54:15,AAPL,410.85
Grace,Bhavna,130977.6,14-11-2025,10:05:26,META,1679.2
Farhan,Charlie,36127.62,17-09-2025,10:14:51,ADANIENT,1338.06
Sneha,Frank,224037.68,07-12-2025,04:41:56,ADANIENT,708.98
Charlie,Kiran,497044.24,08-09-2025,20:43:27,MSFT,1613.78
Neha,Eve,399729.4,04-09-2025,13:12:54,MSFT,2855.21
Divya,Chetan,691599.36,23-09-2025,21:36:10,TCS,2701.56
Alice,Arjun,75109.72,29-12-2025,19:28:32,SBIN,816.41
Hannah,Chetan,304659.21,09-09-2025,18:39:38,AMZN,617.97
Ivy,Neha,745510.72,15-07-2025,10:49:21,SBIN,1758.28
Kiran,Varun,31574.2,20-06-2025,03:19:14,GOOGL,2255.3
Divya,Eve,460564.8,28-12-2025,14:16:28,NVDA,959.51
Hannah,Arjun,427589.5,03-06-2025,06:11:27,HDFC,1361.75
Sneha,Lakshmi,1278122.56,04-07-2025,20:10:37,GOOGL,2891.68
Ivy,Divya,248826.82,28-09-2025,22:54:05,TSLA,2056.42
Manoj,Chetan,42336.17,20-12-2025,10:11:36,MSFT,168.67
Frank,Ivy,284665.5,11-10-2025,12:12:01,MSFT,903.7
Chetan,Kiran,162298.89,07-12-2025,00:40:50,META,1387.17
Sneha,David,554130,30-08-2025,16:13:22,NVDA,1965
Bhavna,Arjun,984958.25,25-11-2025,01:05:25,NFLX,2790.25
Lakshmi,Bob,1386749.84,09-12-2025,22:03:51,ICICIBANK,2812.88
Lakshmi,Arjun,38220,20-12-2025,10:28:36,META,367.5
Divya,Bhavna,689059.84,03-10-2025,03:33:17,AAPL,2691.64
Alice,Kiran,308240.1,11-12-2025,16:53:44,HDFC,1630.9
Charlie,Harish,224944.86,24-12-2025,05:52:33,NFLX,783.78
Alice,Divya,793068.49,23-12-2025,12:41:32,MSFT,2948.21
Arjun,Ivy,566732.58,11-08-2025,02:32:55,SBIN,2587.82
Neha,Hannah,82218.84,02-10-2025,21:46:23,ADANIENT,1245.74
Frank,Manoj,990803.52,20-09-2025,09:26:33,MSFT,2428.44
Ivy,Frank,1053668.94,29-08-2025,00:56:12,MSFT,2325.98
Charlie,Manoj,443547.28,07-11-2025,10:59:26,META,916.42
Bhavna,Neha,81830.08,02-08-2025,08:35:52,INFY,2557.19
Farhan,Bob,228832.92,27-09-2025,00:18:13,AAPL,747.82
Gauri,Lakshmi,165341.88,17-06-2025,21:49:27,GOOGL,1670.12
Gauri,Harish,262710.36,28-12-2025,10:11:49,NFLX,2653.64
Divya,Eve,211237.6,23-07-2025,08:56:59,RELIANCE,2640.47
David,Kiran,1290691.2,18-07-2025,01:57:21,META,2688.94
Harish,Neha,742699.3,01-10-2025,21:30:02,TCS,2342.9
Ivy,Varun,524601.5,10-07-2025,09:54:42,AAPL,1264.1
Ivy,Varun,123193.77,15-07-2025,03:13:50,MSFT,251.93
David,Alice,897934.35,13-08-2025,07:54:19,AMZN,2017.83
Manoj,Varun,743367.96,08-09-2025,07:24:15,TCS,2031.06
Frank,Chetan,404144,17-09-2025,05:00:45,MSFT,1243.52
Arjun,David,163648.98,08-07-2025,11:27:11,TCS,2479.53
Frank,Farhan,200925.2,26-10-2025,22:36:52,RELIANCE,1376.2
Gauri,Manoj,232881.44,02-06-2025,21:06:50,NVDA,1323.19
Bhavna,Gauri,49154.4,14-11-2025,15:33:38,MSFT,1228.86
Sneha,Charlie,30540.96,21-07-2025,01:04:30,HDFC,1908.81
Gauri,Grace,585231.63,04-08-2025,06:44:09,ADANIENT,1242.53
Jack,David,129314.94,19-11-2025,15:29:41,META,572.19
Neha,Manoj,195167.2,19-08-2025,14:01:12,NVDA,736.48
Gauri,Sneha,275985.9,04-10-2025,06:09:27,RELIANCE,2044.34
Hannah,Lakshmi,825793.5,08-07-2025,13:52:37,ICICIBANK,2663.85
David,Gauri,50280.57,18-07-2025,02:01:14,SBIN,948.69
Jaya,David,307261.5,27-11-2025,14:51:12,ADANIENT,1688.25
Jack,Grace,48861.2,12-12-2025,21:32:12,TSLA,103.96
Alice,Jaya,30314.16,25-11-2025,15:32:08,ICICIBANK,213.48
Neha,Eve,154808.94,03-10-2025,14:16:13,GOOGL,360.86
David,Kiran,1142757.88,08-06-2025,16:37:30,TSLA,2361.07
Manoj,Divya,1235006,07-12-2025,09:55:23,META,2912.75
Alice,Arjun,133165.5,25-11-2025,04:05:32,RELIANCE,1707.25
Jaya,Farhan,68953.8,25-07-2025,13:24:16,ADANIENT,560.6
Rohit,Gauri,940988.2,05-07-2025,04:44:29,RELIANCE,2808.92
David,Alice,46453.65,19-08-2025,19:02:09,NFLX,106.79
Grace,Gauri,215889,01-09-2025,09:18:50,NVDA,2878.52
Grace,Sneha,1269670.5,05-09-2025,07:40:17,INFY,2987.46
Farhan,Neha,587133.12,27-11-2025,13:43:14,MSFT,1790.04
Bhavna,Varun,508369.5,09-12-2025,13:22:20,TSLA,1882.85
Varun,Frank,38863,08-07-2025,20:58:21,HDFC,176.65
Alice,Ivy,201567.16,06-12-2025,17:22:06,ADANIENT,2428.52
Hannah,Bob,367967.16,14-06-2025,19:51:33,INFY,2787.63
Chetan,Grace,496019.7,10-06-2025,00:36:00,ICICIBANK,1837.11
Varun,Frank,58608.9,06-11-2025,00:04:48,TCS,398.7
Arjun,Alice,28907.84,16-06-2025,03:23:51,TCS,1806.74
Arjun,Jack,332553.49,22-09-2025,23:53:57,TCS,1379.89
Hannah,Harish,18075.96,11-08-2025,12:01:41,MSFT,669.48
Rohit,Harish,418906.14,16-06-2025,20:44:50,TSLA,1254.21
Ivy,Lakshmi,436635.32,15-12-2025,22:17:38,TCS,1140.04
Sneha,Bob,8527.2,21-12-2025,12:43:27,HDFC,250.8
Eve,Farhan,264693.5,09-07-2025,10:21:57,NFLX,853.85
Ivy,Hannah,1116107.85,16-06-2025,07:43:12,HDFC,2601.65
Chetan,Divya,117006.3,23-11-2025,06:01:56,ADANIENT,806.94
Kiran,Alice,235001.88,06-08-2025,01:54:28,NFLX,767.98
Bhavna,Alice,321402.6,09-12-2025,02:43:52,AMZN,1010.7
Alice,Jaya,195308.15,13-08-2025,06:08:01,INFY,908.41
Grace,Varun,1100710.78,23-12-2025,16:22:34,SBIN,2288.38
Bhavna,Chetan,1032658.8,07-10-2025,13:32:13,AMZN,2476.4
Farhan,Divya,183454.96,30-11-2025,19:00:17,TSLA,437.84
Ivy,Rohit,872766.02,31-08-2025,10:41:40,META,2149.67
Chetan,Bhavna,431381.45,22-08-2025,04:00:01,RELIANCE,1462.31
Bhavna,Kiran,1333532.2,03-12-2025,23:54:42,RELIANCE,2930.84
David,Bob,484497.3,12-08-2025,05:44:56,AMZN,1647.95
Divya,Hannah,127019.75,12-07-2025,08:52:54,META,2309.45
Sneha,Bhavna,108668.78,15-12-2025,06:42:22,INFY,600.38
Gauri,Neha,22874,07-12-2025,01:00:43,HDFC,2287.4
Arjun,Chetan,435982.14,24-12-2025,19:56:38,NVDA,1562.66
Alice,Varun,340837.42,05-12-2025,01:13:06,ICICIBANK,1822.66
Ivy,Charlie,347571.84,24-08-2025,20:37:29,ADANIENT,1974.84
Manoj,Charlie,584386.92,28-06-2025,12:00:58,NVDA,1502.28
Harish,Varun,336109.13,27-07-2025,12:23:22,ADANIENT,1548.89
Bob,Frank,808573.9,19-08-2025,02:49:09,ICICIBANK,1720.37
Divya,Charlie,803152.68,10-12-2025,00:47:02,ICICIBANK,2517.72
Varun,Manoj,526854.02,21-06-2025,16:18:52,TCS,2099.02
Bhavna,Jaya,36470.69,15-06-2025,10:53:20,INFY,1257.61
David,Chetan,875631.51,20-10-2025,08:02:07,AAPL,2228.07
Alice,Neha,226376.22,12-12-2025,20:08:16,ADANIENT,1015.14
Bob,Chetan,404083.42,20-10-2025,06:11:03,INFY,2115.62
Lakshmi,Jack,777369.6,07-08-2025,22:59:25,NFLX,1612.8
Kiran,Bob,57499.2,20-08-2025,21:56:59,INFY,1597.2
Varun,Jack,70376.8,03-11-2025,23:01:24,MSFT,525.2
Divya,Neha,306187.06,09-08-2025,15:14:45,META,2509.73
Hannah,David,58430.25,31-10-2025,23:40:43,RELIANCE,259.69
David,Charlie,355692.96,26-08-2025,11:45:48,AMZN,2117.22
Alice,Varun,554256.9,09-08-2025,11:34:01,META,1179.27
Chetan,Gauri,1073219.94,06-10-2025,20:38:55,NFLX,2172.51
Charlie,Farhan,2999.76,01-08-2025,21:03:51,AAPL,2999.76
Neha,Lakshmi,512261.76,24-10-2025,19:22:54,NVDA,2668.03
Manoj,Charlie,737362.66,01-08-2025,15:28:54,INFY,1852.67
Rohit,Bob,702774.8,14-08-2025,00:54:36,GOOGL,2334.8
Grace,Charlie,1428281.1,29-11-2025,06:04:46,MSFT,2994.3
Chetan,Ivy,168836.4,04-11-2025,09:25:47,NVDA,468.99
Hannah,Charlie,108077,05-11-2025,19:12:42,MSFT,584.2
Rohit,Grace,926621.5,20-09-2025,09:55:38,NFLX,2647.49
Lakshmi,Divya,187804.89,19-09-2025,15:15:37,TCS,687.93
Chetan,Jaya,984474.64,25-09-2025,12:44:36,SBIN,2005.04
Hannah,Sneha,304746.89,03-08-2025,20:57:09,ICICIBANK,2291.33
Grace,Jack,186544.06,20-08-2025,22:33:19,HDFC,821.78
Sneha,Arjun,201116.52,05-06-2025,21:44:53,RELIANCE,2031.48
Eve,Ivy,18455.74,10-10-2025,07:56:04,AAPL,450.14
Ivy,Lakshmi,141056.1,01-10-2025,23:38:56,ICICIBANK,2612.15
Harish,Bhavna,123416.86,26-07-2025,01:05:20,TCS,332.66
Sneha,Harish,86420.49,24-09-2025,05:30:29,TCS,405.73
Charlie,Chetan,1115083.2,13-09-2025,00:06:42,GOOGL,2413.6
Lakshmi,Hannah,90994.52,12-07-2025,06:00:01,ICICIBANK,1542.28
Jack,Eve,225059.85,11-12-2025,03:38:42,AAPL,1744.65
Neha,David,1251141.12,03-11-2025,13:29:16,MSFT,2896.16
Jack,Varun,854816.82,30-06-2025,10:01:24,NVDA,2988.87
Divya,Alice,742.14,13-11-2025,11:08:08,AAPL,742.14
Hannah,Farhan,55931.52,15-10-2025,19:10:57,TCS,2330.48
Farhan,Arjun,422405.36,19-12-2025,13:28:07,HDFC,1345.24
Lakshmi,Frank,1402249.68,10-10-2025,01:09:48,NFLX,2915.28
Frank,Grace,633602.3,09-12-2025,09:28:22,ICICIBANK,2696.18
Alice,Kiran,16851,02-10-2025,11:02:20,ICICIBANK,561.7
Arjun,Grace,245151.84,06-10-2025,18:00:53,ADANIENT,740.64
Chetan,Gauri,29459.32,31-12-2025,07:44:20,GOOGL,2678.12
Harish,Neha,362491.2,26-11-2025,13:31:47,AAPL,1342.56
Grace,Jaya,553649.25,06-12-2025,10:29:43,MSFT,1438.05
Hannah,Manoj,278265.9,22-09-2025,23:13:31,HDFC,1504.14
Jaya,Bob,278667.54,30-12-2025,11:49:04,RELIANCE,1720.17
Alice,Harish,582912.4,23-10-2025,18:11:15,ADANIENT,2081.83
Alice,Jack,732407.04,22-10-2025,19:31:43,AMZN,1907.31
Jack,Alice,367389.72,28-10-2025,04:23:00,AMZN,1061.82
Eve,David,950779.92,10-12-2025,17:11:58,TCS,2555.86
Kiran,Divya,190296.25,20-07-2025,18:08:53,NFLX,1522.37
Charlie,Manoj,760777,24-08-2025,15:57:41,NVDA,1911.5
Eve,Bob,102981.2,23-08-2025,23:57:52,META,367.79
Divya,Hannah,815875.19,19-12-2025,23:27:52,INFY,2606.63
Charlie,Rohit,211762.95,23-10-2025,02:36:53,SBIN,1032.99
Varun,Charlie,119057.4,17-11-2025,23:18:21,AMZN,283.47
Sneha,Charlie,725285.61,01-12-2025,14:22:48,AMZN,2599.59
Kiran,Jack,717315.13,22-12-2025,03:03:51,AMZN,1443.29
Eve,Gauri,140148.45,15-06-2025,04:46:28,META,718.71
Chetan,Frank,164268,03-12-2025,08:41:46,HDFC,338
Divya,Gauri,986632.65,17-10-2025,04:20:24,INFY,2436.13
Lakshmi,Frank,56296.17,14-08-2025,11:08:09,AMZN,121.59
Sneha,Rohit,170282.8,02-07-2025,13:12:51,META,1480.72
Sneha,Harish,109394.26,15-06-2025,05:26:45,INFY,927.07
David,Sneha,146968.64,14-09-2025,07:36:54,NFLX,2826.32
Frank,Lakshmi,59486.24,25-10-2025,20:33:08,MSFT,203.72
Ivy,Harish,125849.08,15-06-2025,21:24:17,NFLX,382.52
Varun,Ivy,697037.33,08-07-2025,06:43:11,MSFT,2185.07
Bob,Arjun,162595.44,18-11-2025,22:59:29,INFY,2258.27
Jaya,Bhavna,35367.96,23-08-2025,09:30:12,TCS,131.97
Bob,Frank,655130,05-11-2025,03:28:44,MSFT,2620.52
Harish,Bob,655133.64,20-09-2025,20:44:09,AAPL,1850.66
Hannah,Gauri,111959.04,20-08-2025,05:39:46,AAPL,568.32
Hannah,Kiran,299623.21,21-09-2025,00:34:14,MSFT,1520.93
Varun,Alice,190345.62,05-09-2025,04:16:02,RELIANCE,484.34
Harish,Bhavna,409407.6,05-11-2025,11:06:30,TCS,2006.9
Charlie,Sneha,652201,10-07-2025,00:27:06,TCS,2321
Jack,Divya,407680.24,03-11-2025,01:24:23,AAPL,1923.02
Frank,Varun,490931,09-11-2025,04:19:51,AAPL,1402.66
Gauri,Farhan,79985.26,30-08-2025,04:29:13,HDFC,975.43
Kiran,Grace,3761.82,25-12-2025,14:41:22,ADANIENT,208.99
Rohit,Eve,312572.99,29-08-2025,15:29:20,INFY,715.27
Rohit,Charlie,64400.94,24-10-2025,05:52:03,HDFC,134.73
David,Eve,1352833.76,20-07-2025,12:18:48,SBIN,2915.59
David,Arjun,85606.2,07-11-2025,21:10:36,MSFT,951.18
Sneha,Farhan,678836.25,30-08-2025,12:18:44,RELIANCE,1635.75
Hannah,Gauri,792065.68,30-11-2025,04:42:15,HDFC,2385.74
Frank,Hannah,111457.68,12-07-2025,08:56:59,AMZN,395.24
Grace,Varun,1038168.72,04-10-2025,22:45:53,ADANIENT,2932.68
Bob,Farhan,184102.88,26-12-2025,21:58:15,MSFT,754.52
Eve,Neha,34930.8,22-07-2025,15:57:26,SBIN,1746.54
Jaya,Bhavna,146033.55,05-08-2025,07:36:47,TSLA,918.45
Jaya,Varun,385605.12,20-06-2025,19:11:51,GOOGL,2008.36
Kiran,Gauri,214687.06,22-10-2025,21:05:16,TCS,666.73
Arjun,Neha,312581.82,15-08-2025,19:58:52,TCS,1297.02
Ivy,Gauri,615752.82,08-11-2025,09:38:54,INFY,1816.38
Gauri,Varun,138234.6,16-07-2025,23:48:49,ICICIBANK,731.4
Varun,Divya,635549.25,12-07-2025,11:25:59,AMZN,2492.35
Chetan,Neha,376217.28,05-12-2025,05:23:54,AMZN,1306.31
Harish,Hannah,394032.68,08-08-2025,02:52:51,RELIANCE,1912.78
Divya,Charlie,11872.2,21-06-2025,04:13:11,NFLX,252.6
Ivy,Kiran,211837.92,16-07-2025,23:50:33,NVDA,2521.88
Varun,Farhan,31634.2,01-07-2025,00:37:57,SBIN,137.54
Alice,Gauri,468695.6,21-08-2025,17:06:03,AAPL,2286.32
Gauri,Sneha,1094679.3,04-11-2025,22:28:05,RELIANCE,2309.45
Jaya,Gauri,808442.76,03-12-2025,00:34:37,SBIN,2208.86
Arjun,Chetan,474648.21,18-10-2025,11:33:18,TCS,1425.37
Harish,Bob,588086.13,16-11-2025,00:42:15,NFLX,1915.59
Kiran,Bhavna,34758.08,23-10-2025,14:33:21,INFY,155.17
Manoj,Jack,1346057.45,19-09-2025,10:01:03,AMZN,2882.35
Kiran,David,176214,24-08-2025,12:48:44,NVDA,1024.5
Alice,Gauri,129506.13,02-12-2025,05:40:24,META,1106.89
Charlie,David,575886.87,17-08-2025,11:13:51,TSLA,1197.27
Ivy,Arjun,348249.44,31-12-2025,10:06:09,TCS,946.33
Gauri,Chetan,669333.28,06-12-2025,08:41:37,HDFC,1490.72
Grace,Farhan,217158.72,16-06-2025,13:12:50,RELIANCE,1167.52
Manoj,Varun,202307.49,23-08-2025,21:01:52,MSFT,2627.37
Jaya,Hannah,1202094.54,01-12-2025,10:45:00,INFY,2903.61
Gauri,Divya,287461.72,13-11-2025,04:32:06,NVDA,789.73
Charlie,Rohit,457726.82,15-10-2025,13:29:29,AMZN,2808.14
Chetan,David,796997.5,01-07-2025,23:39:28,TCS,2908.75
Charlie,Rohit,87391.5,25-11-2025,10:13:09,GOOGL,1506.75
Jack,Rohit,172937.72,22-10-2025,16:28:37,NVDA,645.29
Charlie,David,15049.86,15-06-2025,08:52:42,INFY,1074.99
Hannah,Neha,30356.28,26-10-2025,23:28:59,META,117.66
Neha,Rohit,617743.88,14-09-2025,03:02:07,INFY,1366.69
Bhavna,Hannah,185505.35,31-12-2025,04:02:48,RELIANCE,1613.09
Rohit,Alice,836876.91,08-11-2025,05:49:57,SBIN,2761.97
Gauri,Lakshmi,287174.16,22-06-2025,16:16:20,ADANIENT,1519.44
David,Arjun,535454.15,14-09-2025,10:19:02,MSFT,1390.79
Sneha,Alice,259436.42,10-07-2025,06:14:52,META,619.18
Gauri,Ivy,446947,30-07-2025,13:42:03,META,1037
Divya,Harish,206649.9,04-07-2025,12:27:31,META,2296.11
Gauri,Sneha,360409.39,12-07-2025,23:52:07,TCS,2978.59
Jack,Alice,282193.24,30-10-2025,14:21:53,NVDA,659.33
Gauri,Manoj,420770,21-07-2025,02:13:37,AAPL,1683.08
Eve,Kiran,818316.96,09-06-2025,13:10:34,AAPL,2912.16
Bhavna,Chetan,4380.2,27-09-2025,16:41:48,META,2190.1
Farhan,Bob,925384.46,07-06-2025,21:43:13,TSLA,2093.63
Grace,Divya,224181.23,14-10-2025,05:33:02,NVDA,749.77
David,Varun,145414.7,12-06-2025,12:40:42,HDFC,501.43
Sneha,Eve,586640.3,20-07-2025,16:11:22,HDFC,2550.61
Neha,Lakshmi,492894.67,29-09-2025,19:12:22,AAPL,2210.29
Neha,Alice,396572.44,10-06-2025,10:53:10,TCS,1567.48
Gauri,Sneha,244401.68,11-12-2025,00:04:41,META,1420.94
Jack,Bhavna,220255.2,24-09-2025,12:41:14,RELIANCE,534.6
Manoj,Jack,952469.1,15-09-2025,22:51:43,INFY,2251.7
David,Jack,61865.13,24-12-2025,05:11:12,META,567.57
Neha,Chetan,662847.15,09-09-2025,19:57:42,GOOGL,2501.31
Manoj,Bhavna,62975.88,19-09-2025,03:43:17,TSLA,159.03
Alice,David,1283878.08,04-06-2025,10:38:17,INFY,2797.12
Chetan,Divya,703656.04,03-12-2025,00:06:12,SBIN,1767.98
Chetan,Gauri,891548.06,23-06-2025,22:53:25,TCS,2309.71
Charlie,David,181169.28,29-09-2025,11:19:54,NVDA,1258.12
Charlie,Gauri,709878.2,13-09-2025,15:52:27,HDFC,1982.9
Rohit,Alice,64020.46,18-12-2025,00:27:04,TCS,653.27
Bhavna,Varun,867722.19,14-09-2025,21:12:28,TCS,1874.13
Divya,Jack,231613.2,19-09-2025,10:33:23,NVDA,827.19
Harish,Lakshmi,270914.11,01-10-2025,16:46:33,AAPL,2397.47
Jack,Kiran,32869.05,05-11-2025,02:53:22,MSFT,2191.27
Jaya,Eve,197606.45,28-10-2025,08:56:33,TSLA,647.89
Sneha,Jaya,259796.16,01-11-2025,03:30:38,INFY,2498.04
Grace,Frank,895624.35,18-08-2025,04:03:41,AAPL,2581.05
Divya,Ivy,209665.28,15-06-2025,08:32:28,TSLA,595.64
Eve,Charlie,706135.29,18-11-2025,21:52:33,AAPL,1977.97
Varun,Jaya,558117.6,04-10-2025,19:39:37,HDFC,2325.49
Divya,David,254902.82,27-10-2025,13:27:57,SBIN,1320.74
Gauri,Farhan,327190.32,31-10-2025,00:52:16,INFY,1514.77
Neha,Bob,237801.43,13-10-2025,12:11:31,AAPL,513.61
Jaya,Chetan,313654.53,11-09-2025,04:02:13,MSFT,845.43
Grace,Neha,53251.78,13-06-2025,01:10:07,GOOGL,872.98
Bhavna,Chetan,654585.28,13-12-2025,00:03:35,RELIANCE,2935.36
David,Eve,492065.42,17-09-2025,11:09:48,INFY,1849.87
Sneha,Harish,2217.93,25-09-2025,21:47:21,MSFT,201.63
Manoj,Ivy,706140.44,18-12-2025,01:17:15,SBIN,2486.41
Neha,Lakshmi,158428.83,28-08-2025,06:17:30,GOOGL,2296.07
Neha,Harish,900310.4,21-07-2025,00:42:47,AAPL,2046.16
Lakshmi,Chetan,85023.57,29-10-2025,05:41:12,NFLX,620.61
Alice,Arjun,871261.3,18-08-2025,13:21:22,TCS,1914.86
Lakshmi,Arjun,556625.65,13-11-2025,06:20:32,TSLA,2309.65
Gauri,Charlie,611069.8,28-11-2025,07:59:50,ADANIENT,2777.59
Hannah,Alice,54379.35,23-12-2025,15:44:11,META,125.01
Eve,Bhavna,97410.53,10-11-2025,12:55:32,GOOGL,732.41
Jack,Frank,543576.36,18-07-2025,06:58:56,AMZN,2028.27
Hannah,Manoj,13864.11,21-07-2025,14:57:51,TSLA,243.23
Kiran,Divya,512680,10-11-2025,18:40:01,HDFC,1025.36
Frank,Farhan,865919.7,28-10-2025,16:36:05,NVDA,2985.93
Divya,Varun,808383.12,16-06-2025,00:42:48,AMZN,2322.94
Farhan,Manoj,670612.41,21-09-2025,01:00:42,TSLA,2304.51
Ivy,Lakshmi,478863.52,09-07-2025,13:57:50,NFLX,2237.68
Arjun,Bhavna,224014.3,22-06-2025,15:20:33,ADANIENT,562.85
Gauri,Eve,415224.18,16-12-2025,04:02:48,TSLA,2644.74
Manoj,Arjun,116508.66,22-08-2025,20:33:30,NFLX,2008.77
Jack,Manoj,177438.31,20-12-2025,22:31:18,HDFC,685.09
Kiran,Farhan,89208.99,20-08-2025,18:07:41,SBIN,2287.41
Divya,Grace,929519.91,14-09-2025,00:12:22,NVDA,2988.81
Charlie,Kiran,82345.2,22-07-2025,00:36:54,ADANIENT,2940.9
Sneha,Grace,18460.47,09-06-2025,08:52:34,NFLX,879.07
David,Ivy,239416.19,17-11-2025,07:36:22,HDFC,555.49
Charlie,Arjun,467906.35,08-12-2025,01:16:10,TSLA,1596.95
Divya,Hannah,854548.8,13-06-2025,19:28:09,AMZN,1964.48
Bob,Chetan,787752.81,27-09-2025,21:55:09,ICICIBANK,2409.03
Grace,Divya,678621.05,02-10-2025,14:12:49,RELIANCE,1453.15
Farhan,Arjun,846224.82,17-07-2025,16:59:56,TSLA,2238.69
Jack,Bob,801580.8,16-09-2025,22:04:59,TSLA,2414.4
Jaya,Sneha,641554.02,17-11-2025,09:55:34,TSLA,2117.34
Frank,Farhan,424336.5,10-10-2025,18:06:14,META,1885.94
Farhan,Sneha,611850.27,21-12-2025,04:05:06,SBIN,2457.23
Frank,Jaya,175024.2,16-08-2025,23:02:37,AAPL,1121.95
Eve,Rohit,359231.4,16-08-2025,11:13:55,AAPL,725.72
Divya,Bhavna,213278.8,12-11-2025,17:24:50,ADANIENT,590.8
Jack,Bob,31842.74,18-10-2025,15:12:10,AAPL,202.82
Jack,Sneha,304890.75,04-08-2025,03:07:55,NFLX,1195.65
Farhan,Lakshmi,416618.88,21-12-2025,23:59:10,ADANIENT,2147.52
Manoj,David,129475.5,25-10-2025,01:40:06,AAPL,863.17
Chetan,Bob,150287.34,11-09-2025,19:54:34,NVDA,2030.91
Alice,David,13884.4,25-08-2025,05:48:00,INFY,1735.55
Farhan,Ivy,783033.72,09-08-2025,16:03:02,SBIN,2663.38
Farhan,Kiran,437636.64,09-10-2025,11:01:44,ADANIENT,2977.12
Rohit,Sneha,330262.75,21-09-2025,13:39:41,ADANIENT,695.29
Arjun,Rohit,381796.8,07-07-2025,09:19:34,GOOGL,2479.2
Eve,Neha,1062821.67,13-12-2025,00:15:24,SBIN,2305.47
Bhavna,Sneha,618211.37,07-10-2025,07:38:16,AAPL,2231.81
Chetan,Sneha,483394.6,20-09-2025,17:05:03,ICICIBANK,1859.21
Frank,Ivy,135033.6,26-09-2025,03:46:14,GOOGL,562.64
Bob,Ivy,248561.72,20-07-2025,00:27:27,AAPL,2004.53
Alice,Arjun,570969.16,19-10-2025,13:28:25,GOOGL,1471.57
Eve,Alice,1228334.5,10-12-2025,22:54:21,NVDA,2664.5
Sneha,Divya,50781.24,20-08-2025,05:29:15,ICICIBANK,551.97
Gauri,Frank,103837.78,16-09-2025,00:29:07,MSFT,378.97
Sneha,Manoj,170793.56,13-07-2025,22:05:58,INFY,717.62
Charlie,Neha,477007.98,05-11-2025,14:36:23,SBIN,1458.74
Kiran,Ivy,118386.11,21-10-2025,19:32:08,TCS,1667.41
Lakshmi,Alice,395576.66,25-10-2025,22:22:09,AMZN,2049.62
Farhan,Hannah,1197174,27-07-2025,16:41:16,INFY,2468.4
Chetan,Kiran,41964.36,13-09-2025,09:39:44,META,281.64
Divya,Frank,221855.4,26-07-2025,04:09:42,NVDA,1422.15
Chetan,Farhan,82365.7,22-09-2025,18:50:53,NVDA,222.61
Jack,Lakshmi,1036627.8,29-06-2025,06:00:11,SBIN,2987.4
Divya,Eve,699107.4,19-09-2025,01:57:54,META,1420.95
Chetan,David,936031.46,03-11-2025,09:22:54,AMZN,2266.42
Bob,Varun,303496.96,06-10-2025,07:55:56,ADANIENT,1649.44
Kiran,Rohit,75534.27,02-12-2025,11:11:54,AMZN,2604.63
Frank,Jaya,9299.76,04-11-2025,21:11:36,AMZN,2324.94
Lakshmi,Farhan,270795.91,02-08-2025,10:53:37,MSFT,577.39
Chetan,Rohit,520389.64,15-10-2025,00:26:31,AAPL,2768.03
David,Eve,885865.88,14-09-2025,05:39:29,AMZN,2717.38
Ivy,Chetan,301256.49,14-10-2025,04:14:28,AMZN,1042.41
Grace,Harish,12811.68,26-07-2025,08:08:27,NFLX,104.16
Alice,Bhavna,389508.45,30-12-2025,04:24:21,AMZN,1129.01
Eve,Farhan,748702.88,01-09-2025,08:46:01,META,2982.88
Sneha,Farhan,45359.19,24-06-2025,04:19:39,MSFT,1564.11
Frank,Chetan,253487.52,25-11-2025,22:12:27,NFLX,640.12
Jaya,Neha,821035.8,22-11-2025,17:17:04,MSFT,2429.1
Rohit,David,521433,02-06-2025,22:07:34,HDFC,1580.1
Alice,Divya,851192.16,07-07-2025,11:54:42,HDFC,2518.32
Grace,Kiran,77918.85,25-08-2025,12:04:39,MSFT,1731.53
Arjun,Farhan,303137.45,27-12-2025,21:35:31,AAPL,787.37
Manoj,Farhan,285756.45,30-11-2025,09:20:20,SBIN,2721.49
Neha,Sneha,213764.18,28-08-2025,04:20:47,ADANIENT,710.18
Chetan,Manoj,40354.88,27-11-2025,06:05:30,RELIANCE,438.64
Ivy,Jaya,519393.48,07-12-2025,18:01:35,TSLA,1492.51
Ivy,Lakshmi,287859.42,06-12-2025,04:18:27,ICICIBANK,1776.91
Eve,Varun,1060410.63,29-06-2025,23:53:06,TSLA,2783.23
Frank,Charlie,174760.99,26-09-2025,13:09:45,TSLA,617.53
Jaya,Bob,57905.6,17-11-2025,16:11:00,ICICIBANK,361.91
Rohit,Manoj,464602.97,22-09-2025,08:26:07,GOOGL,1103.57
Chetan,Rohit,563052.72,17-09-2025,18:05:31,SBIN,2643.44
Farhan,Alice,372448.1,20-10-2025,12:57:23,AMZN,1816.82
Neha,Lakshmi,596070.37,13-10-2025,20:23:22,HDFC,2301.43
Chetan,Neha,68684.84,06-10-2025,23:03:21,GOOGL,837.62
Eve,Ivy,668472.3,09-08-2025,06:18:38,AMZN,2184.55
Hannah,Chetan,12674.7,04-06-2025,17:16:48,AMZN,704.15
Chetan,Hannah,156412.95,22-09-2025,08:06:17,TCS,1271.65
Sneha,Jaya,195189.12,19-07-2025,08:38:51,ICICIBANK,1895.04
Rohit,Jack,280280.36,02-11-2025,23:24:12,META,1202.92
Bob,Sneha,320008.92,13-08-2025,14:52:22,META,1038.99
Lakshmi,David,91185.3,11-09-2025,11:25:00,AAPL,1013.17
Charlie,Alice,546928.08,13-08-2025,09:21:33,META,1847.73
Gauri,David,187890.08,06-07-2025,07:43:59,RELIANCE,1677.59
Varun,Bob,434608.32,07-09-2025,12:07:11,GOOGL,2030.88
Ivy,Varun,1034173.2,29-09-2025,16:45:03,TCS,2181.8
Divya,Arjun,23864.1,12-06-2025,15:18:47,AMZN,1835.7
Charlie,Eve,1351196.18,02-06-2025,15:21:58,SBIN,2950.21
Harish,Arjun,60566.22,04-09-2025,03:52:26,TSLA,423.54
Bhavna,Harish,127761.19,08-07-2025,13:30:38,AAPL,1130.63
Alice,Farhan,17657.46,07-10-2025,23:55:39,TSLA,980.97
Frank,Neha,1005898.69,25-06-2025,11:11:58,META,2459.41
Farhan,Varun,680918,22-07-2025,17:11:42,NFLX,1602.16
Charlie,Neha,669223.6,12-10-2025,04:00:05,SBIN,2847.76
Charlie,Hannah,101332.38,07-09-2025,20:56:55,HDFC,1747.11
Divya,Chetan,739976.04,24-10-2025,05:41:13,META,1535.22
Rohit,Farhan,164334.6,14-10-2025,19:27:58,TSLA,912.97
David,Jack,381648.16,13-10-2025,11:01:51,AAPL,1215.44
Jaya,Gauri,75930.9,15-07-2025,15:30:17,TSLA,2531.03
Jaya,Charlie,15905.75,11-07-2025,08:00:12,NFLX,106.75
Alice,Chetan,384039,27-12-2025,07:46:54,MSFT,2704.5
David,Chetan,1304.55,03-10-2025,09:16:01,ICICIBANK,1304.55
Ivy,Bhavna,20242.38,04-06-2025,17:40:42,HDFC,652.98
Chetan,Ivy,1175788.8,28-06-2025,20:00:46,GOOGL,2449.56
Farhan,Charlie,30703.53,11-11-2025,17:01:55,META,164.19
Harish,Arjun,235030.4,20-08-2025,14:01:37,TSLA,1335.4
Varun,Jaya,438155.01,10-09-2025,15:33:17,NVDA,1641.03
Alice,Gauri,752945.9,18-08-2025,18:41:48,NVDA,2309.65
Grace,Varun,692344.5,07-11-2025,22:20:40,INFY,1390.25
Hannah,Eve,157365.12,15-09-2025,08:43:48,AAPL,2384.32
Divya,Kiran,474971.12,29-07-2025,22:48:31,AMZN,2761.46
Manoj,Arjun,577022.34,12-06-2025,11:50:14,RELIANCE,1273.78
Alice,Grace,2224.67,03-08-2025,14:21:07,ICICIBANK,2224.67
Varun,Lakshmi,533028.81,24-11-2025,15:36:35,TCS,2705.73
Charlie,Rohit,6985.22,10-11-2025,06:03:25,AMZN,635.02
Jaya,Harish,693151.9,19-09-2025,23:23:49,TCS,2449.3
Manoj,Divya,134777.5,29-06-2025,23:07:22,TCS,2073.5
Rohit,Sneha,734711.76,18-07-2025,11:23:19,AMZN,1898.48
David,Alice,226262.96,29-07-2025,23:09:52,RELIANCE,2938.48
Bhavna,Charlie,296686.8,07-07-2025,06:28:38,TCS,1831.4
Divya,Gauri,713020.8,30-11-2025,10:18:24,SBIN,2467.2
Lakshmi,Frank,239909.04,31-10-2025,21:12:33,AAPL,740.46
Bob,Ivy,326698.16,18-12-2025,03:09:33,AAPL,2080.88
Gauri,Farhan,221675.96,18-08-2025,09:51:24,SBIN,872.74
Kiran,Manoj,65837.8,26-08-2025,20:32:09,INFY,889.7
Divya,Rohit,74746.2,13-12-2025,11:01:34,NFLX,1245.77
Neha,Grace,1099095.96,17-11-2025,12:39:11,INFY,2207.02
Varun,Kiran,168305.28,10-06-2025,08:56:59,MSFT,1176.96
Hannah,Gauri,1020446.13,23-09-2025,13:56:41,GOOGL,2692.47
Gauri,Chetan,238745.13,30-06-2025,02:40:18,ICICIBANK,2461.29
Chetan,Jack,251683.63,05-11-2025,19:19:21,NFLX,2080.03
Grace,Gauri,357010.93,16-07-2025,08:28:49,MSFT,1140.61
Manoj,Bob,104407.5,15-07-2025,12:47:01,INFY,1392.1
Jaya,Varun,352172.75,07-07-2025,16:58:44,RELIANCE,1579.25
Kiran,Arjun,785063.76,15-09-2025,16:14:00,AAPL,2516.23
Kiran,Alice,153664.98,26-11-2025,19:38:00,SBIN,1045.34
Arjun,Bob,825908.79,05-06-2025,19:02:12,NFLX,2313.47
Eve,Grace,142032.27,28-10-2025,01:29:06,RELIANCE,1279.57
Divya,Ivy,261700.14,07-08-2025,21:52:29,ICICIBANK,552.11
Divya,Bhavna,212651.37,10-12-2025,04:23:40,META,1337.43
Rohit,Kiran,50868,13-12-2025,01:45:14,SBIN,282.6
Alice,Ivy,586291.7,27-08-2025,07:10:53,RELIANCE,1488.05
Ivy,Rohit,466838.19,23-09-2025,03:38:42,NVDA,1710.03
Lakshmi,Neha,553288.4,07-08-2025,20:13:35,TSLA,2258.32
Chetan,Frank,59066.7,22-10-2025,10:21:21,NVDA,562.54
Rohit,Lakshmi,178903.2,02-10-2025,12:49:19,SBIN,638.94
Gauri,Alice,79992.86,11-11-2025,16:51:13,AAPL,563.33
Kiran,Jack,603607.72,08-09-2025,19:07:26,HDFC,1555.69
Rohit,Sneha,190538.16,16-12-2025,02:07:03,NVDA,1716.56
Harish,Varun,678725.76,12-09-2025,23:24:43,AMZN,1973.04
Hannah,Grace,361843.9,09-09-2025,08:54:22,NFLX,1714.9
Chetan,Harish,168216.24,20-09-2025,09:16:01,GOOGL,1933.52
Harish,Rohit,303808.05,21-10-2025,15:34:57,AMZN,2250.43
Alice,Grace,103128.3,10-07-2025,07:14:09,META,625.02
Frank,Arjun,1063083,30-10-2025,17:12:04,NFLX,2857.75
Gauri,Divya,507301.35,02-08-2025,00:02:12,HDFC,1166.21
Manoj,Sneha,358370.94,24-08-2025,15:26:35,TCS,2674.41
Eve,Jack,29239.1,29-09-2025,05:48:12,META,2923.91
Lakshmi,David,410314.23,08-12-2025,04:05:43,MSFT,970.01
Charlie,Grace,151844.35,14-12-2025,22:39:47,TSLA,365.89
Farhan,Divya,537352.88,18-12-2025,19:55:57,ICICIBANK,1114.84
Chetan,Manoj,602658.15,02-06-2025,20:31:33,MSFT,2114.59
Manoj,Alice,39426.15,27-07-2025,22:41:17,AAPL,588.45
Kiran,Arjun,536694.4,08-10-2025,21:56:11,TSLA,2780.8
Neha,Arjun,195004.48,04-07-2025,16:36:56,NFLX,553.99
Arjun,Bob,192504.4,21-11-2025,12:43:51,AAPL,875.02
David,Hannah,92130,01-10-2025,21:12:41,HDFC,1110
Hannah,Kiran,157111.68,09-09-2025,09:57:52,SBIN,1785.36
Jack,Arjun,465668.07,11-12-2025,12:56:15,MSFT,1547.07
Lakshmi,Manoj,135613.53,30-11-2025,14:44:50,AAPL,486.07
Charlie,Jack,612660.29,29-08-2025,23:19:59,NFLX,2211.77
Hannah,Harish,1321864.8,12-07-2025,05:08:11,GOOGL,2703.2
Ivy,Lakshmi,370927.08,08-11-2025,05:41:39,META,1634.04
Bhavna,Arjun,358972.74,24-08-2025,17:45:16,NFLX,2848.99
Chetan,Hannah,322719.67,01-09-2025,17:58:45,ICICIBANK,1460.27
Jaya,Sneha,266844.8,15-09-2025,17:07:09,HDFC,1667.78
Kiran,Jaya,87577,08-07-2025,04:49:19,TSLA,625.55
Chetan,Frank,780079.68,24-07-2025,17:16:38,SBIN,2074.68
Bhavna,Harish,683466.85,21-12-2025,18:37:21,MSFT,1409.21
Varun,Gauri,91850.22,18-11-2025,12:48:55,NFLX,309.26
Manoj,Rohit,779056.08,23-10-2025,15:31:00,AAPL,2802.36
Bhavna,Sneha,309006.88,18-06-2025,20:37:42,RELIANCE,1161.68
Chetan,Neha,250217.6,20-06-2025,06:31:15,MSFT,781.93
Chetan,Sneha,54979.95,02-11-2025,14:35:02,ICICIBANK,251.05
Bob,Ivy,174612.72,27-09-2025,14:50:34,META,651.54
Harish,Jack,143594.22,10-12-2025,18:48:57,SBIN,932.43
David,Bob,83576.15,23-07-2025,19:34:04,INFY,2387.89
Hannah,Sneha,592630.92,12-08-2025,00:06:22,GOOGL,2351.71
Ivy,Neha,40876.92,07-06-2025,18:09:08,MSFT,324.42
Harish,Chetan,207770.57,07-09-2025,00:28:59,MSFT,2017.19
Divya,Eve,171768.85,29-08-2025,17:43:06,SBIN,2020.81
Sneha,Jaya,689385.07,05-06-2025,23:23:08,INFY,1528.57
Jaya,Frank,84906,09-06-2025,12:15:38,ICICIBANK,188.68
Jack,Chetan,814278.99,09-11-2025,15:25:35,TCS,2897.79
Farhan,Chetan,142024.8,23-08-2025,18:43:06,HDFC,2958.85
Rohit,Grace,482838.42,31-07-2025,21:55:07,AMZN,1273.98
Jaya,Varun,482746.4,28-06-2025,03:11:51,HDFC,1630.9
Neha,Bhavna,165940.68,31-07-2025,09:30:29,AAPL,757.72
Farhan,Neha,454538.7,11-09-2025,15:03:04,MSFT,1967.7
Arjun,Divya,920304,09-09-2025,11:50:20,TSLA,2988
Alice,Jaya,15625.2,06-09-2025,19:53:16,ICICIBANK,1041.68
Hannah,Grace,312476.64,24-11-2025,19:07:42,TSLA,929.99
Rohit,Alice,108626.04,02-06-2025,14:50:36,NVDA,2858.58
Jaya,Charlie,93373.4,29-06-2025,01:43:34,INFY,791.3
Lakshmi,Hannah,35824.16,20-11-2025,08:14:44,GOOGL,109.22
Sneha,Neha,117073.71,14-12-2025,20:43:15,ADANIENT,1000.63
Manoj,Neha,280846.44,19-08-2025,08:27:42,MSFT,2421.09
Lakshmi,David,531296.28,22-10-2025,18:09:05,ICICIBANK,2133.72
Chetan,Frank,229304.39,29-12-2025,00:59:58,ADANIENT,2103.71
Neha,Rohit,464962.96,24-09-2025,11:17:10,GOOGL,1509.62
Gauri,Alice,464677.11,10-12-2025,01:42:44,TCS,2717.41
Jack,Ivy,1170866.34,05-10-2025,22:45:48,ADANIENT,2409.19
Bob,Neha,170951.92,10-07-2025,01:44:17,ICICIBANK,357.64
Harish,Jack,526505.76,18-06-2025,01:31:01,ICICIBANK,2659.12
Hannah,Jack,289807.41,03-08-2025,05:02:41,AMZN,1637.33
Bob,Harish,37881,04-10-2025,18:46:10,NVDA,210.45
Frank,Jack,388688.44,13-06-2025,23:37:44,INFY,2900.66
Sneha,Jaya,29577.3,12-08-2025,14:43:26,HDFC,1971.82
Ivy,Harish,522267.84,01-12-2025,10:28:54,ADANIENT,1061.52
Jack,Frank,202044.26,02-10-2025,08:37:15,SBIN,649.66
Sneha,Hannah,52507.42,03-08-2025,17:41:35,SBIN,535.79
Ivy,Bob,429559.34,08-08-2025,00:56:12,TCS,2718.73
Grace,Rohit,862572.48,02-07-2025,22:14:22,NFLX,2450.49
Harish,Kiran,149549.56,30-08-2025,10:09:45,RELIANCE,2020.94
Rohit,Divya,580164.78,06-11-2025,04:28:16,META,1312.59
Kiran,Lakshmi,273876.12,08-08-2025,11:42:18,MSFT,2173.62
David,Manoj,782956.8,13-08-2025,09:21:32,AMZN,2269.44
Farhan,Rohit,1192694.65,04-12-2025,11:56:50,TSLA,2553.95
David,Bob,673816.98,11-07-2025,23:21:15,MSFT,1581.73
Alice,Hannah,326745.81,18-09-2025,23:47:24,RELIANCE,2656.47
Rohit,Harish,93274.56,13-10-2025,03:12:30,NVDA,223.68
Divya,Jaya,604491.23,28-06-2025,12:27:02,GOOGL,2063.11
Bob,Gauri,62669.2,27-06-2025,21:03:28,ICICIBANK,1424.3
Chetan,Grace,765668.28,12-10-2025,12:31:35,ADANIENT,2292.42
Farhan,Gauri,506622.61,21-07-2025,23:20:16,HDFC,1694.39
Bob,Ivy,493266.09,27-06-2025,18:16:38,GOOGL,1575.93
Divya,Chetan,429460.29,09-12-2025,22:48:43,GOOGL,2806.93
Bhavna,Grace,499272.26,27-06-2025,18:33:05,TSLA,1531.51
Charlie,Ivy,188334.7,08-08-2025,15:05:03,ADANIENT,932.35
Charlie,Grace,354175.47,16-06-2025,03:26:44,NVDA,1063.59
Ivy,Bhavna,366494.52,12-11-2025,22:59:03,TSLA,778.12
Rohit,Sneha,67458.54,12-07-2025,22:34:03,NFLX,977.66
Eve,Jack,5372.64,26-11-2025,16:12:09,AAPL,137.76
David,Lakshmi,1341408.15,27-06-2025,17:10:22,NFLX,2765.79
Alice,Arjun,543769.59,20-12-2025,09:23:43,HDFC,1329.51
Alice,Eve,158033.34,22-10-2025,21:06:24,TCS,655.74
Chetan,Eve,197774.64,03-12-2025,00:16:44,INFY,2354.46
Eve,Charlie,301821.96,19-06-2025,11:37:47,RELIANCE,1101.54
Farhan,Bhavna,700506.8,13-06-2025,06:23:56,SBIN,1490.44
Neha,Chetan,153818.99,21-06-2025,09:31:53,TCS,1361.23
Harish,Jack,840955.5,10-12-2025,06:52:43,TCS,2402.73
Bob,Chetan,425858.8,05-06-2025,18:03:03,TSLA,1038.68
Gauri,Eve,20730.45,26-06-2025,01:21:00,NVDA,106.31
Eve,Gauri,180261.82,01-07-2025,08:24:10,INFY,579.62
Varun,Arjun,795702.72,09-10-2025,06:45:28,RELIANCE,2235.12
Rohit,Kiran,286911.8,05-11-2025,01:07:24,RELIANCE,643.3
Manoj,Hannah,277203.75,07-08-2025,15:31:09,INFY,1911.75
Ivy,Harish,513710.64,29-06-2025,14:03:05,TCS,2378.29
Bob,David,629253.9,10-09-2025,06:21:40,SBIN,1271.22
Jaya,Sneha,125762.34,26-12-2025,08:05:20,HDFC,471.02
Alice,Manoj,34771.12,31-10-2025,10:04:06,MSFT,469.88
Ivy,Chetan,605126.34,02-08-2025,10:28:22,AMZN,2216.58
Manoj,Charlie,146368.63,12-09-2025,17:43:09,AMZN,2061.53
Farhan,Grace,357606.25,07-09-2025,19:58:05,RELIANCE,2860.85
Rohit,Jack,484395.12,27-07-2025,12:55:10,META,1454.64
Varun,Grace,71115.77,16-11-2025,10:29:21,GOOGL,281.09
Manoj,Frank,336231.5,27-12-2025,22:41:20,SBIN,1222.66
Gauri,Ivy,36655.84,11-08-2025,16:43:19,INFY,176.23
David,Rohit,547127.36,29-09-2025,12:05:29,HDFC,1618.72
Varun,Kiran,288670.2,15-12-2025,16:55:00,TSLA,2425.8
Varun,Sneha,390943.94,05-06-2025,14:37:58,INFY,861.11
Eve,Jaya,444957.2,30-11-2025,10:53:24,TCS,965.2
Manoj,Varun,72744.84,29-11-2025,23:16:47,SBIN,2020.69
Jack,David,566332.56,10-10-2025,17:54:43,AMZN,1187.28
Divya,Bob,100100.13,28-11-2025,15:08:36,HDFC,2129.79
Gauri,Grace,514437.96,31-08-2025,13:45:09,META,2956.54
Varun,Gauri,17986.96,04-06-2025,03:54:33,TCS,155.06
Jack,Sneha,80897.44,06-08-2025,20:00:34,RELIANCE,219.83
Charlie,David,1106258,20-10-2025,18:01:45,GOOGL,2602.96
Neha,Charlie,192715.74,22-07-2025,15:02:34,AMZN,509.83
Grace,David,992549.7,16-11-2025,21:46:51,NFLX,2741.85
Grace,Neha,497294.8,15-07-2025,13:43:00,NFLX,1344.04
Manoj,Bob,232066.26,02-09-2025,08:21:33,HDFC,2468.79
Chetan,Gauri,137559.76,04-08-2025,11:53:53,AAPL,2645.38
Gauri,Jack,117052.02,01-09-2025,01:49:34,AAPL,1648.62
Bhavna,Hannah,750754,06-11-2025,16:19:53,HDFC,2114.8
Jaya,Manoj,50655.5,19-11-2025,18:07:10,TSLA,723.65
Grace,Bob,94383.8,08-09-2025,04:41:10,NVDA,674.17
Neha,Kiran,474659.38,07-06-2025,08:17:20,ICICIBANK,1642.42
Lakshmi,Neha,1299030.55,30-06-2025,08:05:44,HDFC,2781.65
Chetan,Hannah,886093.23,03-08-2025,22:34:47,ADANIENT,1964.73
Manoj,Alice,776588.33,16-07-2025,03:20:20,INFY,1621.27
Grace,Frank,788789.4,27-11-2025,10:10:42,MSFT,1809.15
Grace,Frank,1043017.83,09-10-2025,06:39:17,ADANIENT,2272.37
Gauri,Alice,269969.52,29-12-2025,06:55:01,GOOGL,1323.38
Manoj,Divya,624317.81,20-10-2025,12:26:44,MSFT,2206.07
Hannah,David,35174.7,15-11-2025,23:33:36,AAPL,617.1
Jaya,Manoj,187426.47,13-07-2025,15:03:50,HDFC,2434.11
Farhan,Alice,187293.26,09-12-2025,13:48:23,SBIN,541.31
David,Kiran,33124.8,18-12-2025,12:28:46,NVDA,138.02
Jack,Kiran,435008.78,18-08-2025,05:32:49,RELIANCE,1095.74
Gauri,Jaya,100114.32,25-10-2025,17:22:06,INFY,918.48
Bob,Farhan,452234.36,17-07-2025,00:07:06,GOOGL,1940.92
Charlie,Arjun,670428,07-11-2025,14:57:51,SBIN,1354.4
Ivy,Harish,477158.4,23-10-2025,00:57:26,NVDA,1242.6
Harish,Chetan,200282.32,17-06-2025,09:09:56,SBIN,720.44
Manoj,Rohit,166185.09,13-10-2025,16:54:04,ADANIENT,667.41
Charlie,Lakshmi,514812.39,27-08-2025,18:39:31,NFLX,1258.71
David,Kiran,903077.11,22-09-2025,13:06:35,HDFC,2395.43
Chetan,Lakshmi,753539.28,18-12-2025,00:53:10,TSLA,2415.19
David,Jaya,236774.58,14-07-2025,23:05:42,AAPL,2076.97
Harish,Rohit,601137.6,24-07-2025,04:58:38,NFLX,1789.1
Chetan,Grace,948740.43,10-10-2025,00:11:35,NVDA,2613.61
Neha,Alice,97567,06-11-2025,23:47:31,ICICIBANK,567.25
Lakshmi,Divya,453600.63,02-07-2025,15:55:07,SBIN,1270.59
Grace,Lakshmi,1205124.72,27-12-2025,18:02:31,AAPL,2925.06
Divya,Bob,329340.06,04-12-2025,08:37:18,AMZN,2613.81
Jaya,Manoj,294754.5,02-11-2025,20:40:54,HDFC,2889.75
Manoj,David,232406,12-07-2025,00:45:16,SBIN,1602.8
Eve,Bhavna,268703.7,06-08-2025,05:49:53,TCS,1580.61
Grace,Bob,1087898.35,31-08-2025,05:56:21,HDFC,2825.71
Varun,Bhavna,57809.71,25-11-2025,06:28:57,HDFC,1179.79
Grace,Harish,224320.46,03-10-2025,16:01:36,SBIN,1327.34
Gauri,Kiran,1348336.32,30-07-2025,01:36:05,INFY,2718.42
Jack,Eve,628173.05,22-12-2025,18:27:49,ICICIBANK,1513.67
Charlie,Hannah,1277262.35,02-08-2025,14:52:06,META,2807.17
Kiran,Hannah,9102.94,20-12-2025,02:34:48,INFY,413.77
Jack,Chetan,29875.2,23-11-2025,01:07:10,AAPL,311.2
Jaya,Neha,559158.79,12-07-2025,21:44:41,HDFC,1148.17
Manoj,Chetan,318774.78,17-08-2025,04:54:29,SBIN,932.09
Gauri,Harish,897770.15,13-09-2025,03:50:30,SBIN,2528.93
Hannah,David,181825.54,05-12-2025,20:43:11,META,411.37
Sneha,Bhavna,393972.8,19-10-2025,05:46:44,INFY,1270.88
Neha,Ivy,99148.5,30-08-2025,14:17:42,NFLX,1982.97
Sneha,Lakshmi,64542.4,01-11-2025,22:07:20,RELIANCE,2016.95
Arjun,Ivy,3629.67,06-06-2025,02:53:33,AAPL,213.51
Sneha,Jack,1328586.98,10-07-2025,01:03:27,INFY,2844.94
Charlie,Chetan,282169.2,04-12-2025,07:49:25,INFY,1000.6
Arjun,Varun,88309.19,18-11-2025,06:27:44,SBIN,448.27
Divya,Alice,110601.14,13-08-2025,20:11:38,NFLX,229.94
Varun,Grace,605209.36,03-12-2025,21:54:10,AAPL,1749.16
Hannah,Grace,700744.31,30-12-2025,08:59:15,HDFC,2791.81
Harish,Divya,847237.53,07-12-2025,15:53:38,NFLX,2559.63
Farhan,Frank,983355.16,06-06-2025,00:32:58,SBIN,2002.76
Divya,Varun,15667.6,30-08-2025,19:51:01,NVDA,1205.2
Rohit,Farhan,1204899.08,19-08-2025,22:03:22,AAPL,2960.44
Bob,Rohit,223610.94,01-10-2025,04:31:14,TCS,723.66
Gauri,Manoj,545726.52,18-10-2025,19:30:34,AMZN,1977.27
Sneha,Ivy,516726.34,19-07-2025,16:50:46,NFLX,2448.94
Manoj,Sneha,104951.48,03-08-2025,17:13:41,HDFC,1566.44
Hannah,Eve,239510,03-06-2025,09:38:26,NFLX,696.25
Hannah,Bhavna,42689.64,13-12-2025,11:36:18,TSLA,2032.84
Bob,Frank,175702.65,04-10-2025,16:32:34,AAPL,2067.09
Charlie,Alice,238546.56,06-10-2025,21:38:30,HDFC,1242.43
Bhavna,Chetan,683419.95,18-11-2025,19:17:34,META,2908.17
Divya,Varun,261906.84,12-12-2025,22:39:03,TCS,559.63
Charlie,Bob,192178.35,03-08-2025,23:43:43,RELIANCE,2956.59
Gauri,Rohit,153965.84,26-09-2025,09:00:24,TCS,392.77
Kiran,Alice,132471.99,13-10-2025,22:03:48,RELIANCE,300.39
Arjun,Grace,232095.12,30-06-2025,08:00:29,RELIANCE,1333.88
Varun,Charlie,787937.22,15-09-2025,08:22:12,ADANIENT,1903.23
Farhan,Chetan,271751.32,21-10-2025,00:44:53,AAPL,2801.56
Neha,Jack,479529.55,28-10-2025,17:51:41,RELIANCE,2230.37
Gauri,Lakshmi,161484.96,26-11-2025,03:15:34,HDFC,2070.32
Ivy,Kiran,72627.36,06-09-2025,07:50:57,AAPL,698.34
Lakshmi,Kiran,376872.72,12-06-2025,23:08:18,HDFC,1290.66
Divya,Eve,473596.12,25-11-2025,11:13:04,NFLX,2379.88
Alice,Lakshmi,71583.75,30-10-2025,02:22:08,GOOGL,227.25
Varun,Ivy,116426,30-07-2025,09:06:47,HDFC,1012.4
Gauri,Hannah,830559.98,27-11-2025,20:11:26,META,2547.73
Charlie,Chetan,679985.93,25-11-2025,04:03:03,ICICIBANK,1687.31
Divya,David,498147.5,21-10-2025,18:31:43,AAPL,1717.75
Divya,Eve,179383.96,10-06-2025,09:07:41,NFLX,1042.93
Alice,Jaya,636167.88,24-09-2025,22:32:44,GOOGL,1860.14
Charlie,Chetan,518308.2,06-06-2025,05:16:29,ADANIENT,1086.6
Sneha,Charlie,124919.94,06-06-2025,04:55:32,MSFT,1178.49
Neha,Sneha,20507.25,22-07-2025,15:52:18,META,184.75
Farhan,Jaya,714987,07-07-2025,03:49:58,NFLX,1702.35
Alice,Ivy,416900.52,26-11-2025,13:08:50,META,845.64
Eve,Chetan,332762.5,12-12-2025,07:13:54,TCS,2662.1
Alice,Charlie,607296.84,29-07-2025,11:37:24,AMZN,1705.89
Eve,Jack,176971.2,18-11-2025,14:50:51,TCS,1685.44
Sneha,Manoj,1026381.92,06-09-2025,10:06:39,SBIN,2212.03
Divya,Gauri,111735.15,22-09-2025,03:44:28,NFLX,1619.35
Jack,Gauri,60461.52,21-06-2025,14:11:40,ICICIBANK,719.78
David,Sneha,321372.39,29-08-2025,23:11:36,TCS,2021.21
Harish,Bob,248501.75,24-12-2025,08:32:03,HDFC,584.71
Manoj,Kiran,46456.2,11-09-2025,22:06:43,INFY,553.05
Gauri,Grace,1196035.61,11-10-2025,03:12:33,GOOGL,2895.97
Sneha,Gauri,370520.28,15-06-2025,10:57:10,NVDA,2259.27
Ivy,Divya,805521.29,07-07-2025,05:31:33,ICICIBANK,2281.93
Ivy,Frank,316446.48,05-12-2025,10:26:59,NFLX,1883.61
Bhavna,Eve,107160.3,24-12-2025,04:23:31,SBIN,793.78
Frank,Alice,64670.94,26-08-2025,20:37:53,TSLA,156.21
Harish,Varun,137870.37,22-10-2025,21:57:44,RELIANCE,2260.17
Jaya,Alice,47619.72,27-11-2025,06:40:29,ADANIENT,1400.58
Rohit,Gauri,968740,18-06-2025,07:15:07,ADANIENT,2421.85
Bhavna,David,137003.94,02-09-2025,22:06:27,AAPL,287.22
Grace,Jack,1357128.91,30-09-2025,21:59:29,SBIN,2764.01
Grace,Sneha,218605.66,02-06-2025,01:57:07,ICICIBANK,1201.13
Alice,Bhavna,150618.12,29-12-2025,02:58:20,ADANIENT,1356.92
Arjun,Frank,75940.08,08-12-2025,10:26:12,MSFT,214.52
Alice,Manoj,341513.61,26-11-2025,20:11:51,MSFT,1077.33
Charlie,David,88948.6,09-10-2025,05:06:33,TCS,1368.44
Neha,Manoj,87590.93,01-09-2025,15:24:13,ADANIENT,1787.57
Jaya,Chetan,27792.49,02-12-2025,04:26:27,AAPL,269.83
Alice,Grace,103155.75,20-11-2025,04:46:14,RELIANCE,2292.35
Varun,Alice,768535.75,28-07-2025,14:51:28,GOOGL,1617.97
Charlie,Eve,238426.86,04-07-2025,18:13:29,INFY,1499.54
Ivy,Manoj,78591.24,08-12-2025,15:20:35,META,431.82
Jaya,Charlie,718839.49,16-09-2025,09:08:18,RELIANCE,2733.23
Kiran,Lakshmi,17758.62,28-07-2025,02:42:14,AMZN,269.07
Divya,Ivy,71367.8,18-09-2025,08:21:40,INFY,2039.08
Kiran,Rohit,930625.02,18-11-2025,22:45:07,TCS,1864.98
Grace,Charlie,286053.9,24-11-2025,10:59:05,ADANIENT,1682.67
Bob,Lakshmi,373602.51,20-11-2025,10:58:16,ICICIBANK,2184.81
Eve,Alice,91479.91,23-08-2025,02:20:22,NVDA,2472.43
Varun,Charlie,190572.72,12-10-2025,03:53:28,MSFT,610.81
Hannah,Jack,993738.24,10-11-2025,10:29:19,NFLX,2509.44
Hannah,Neha,325582.54,27-06-2025,13:03:40,HDFC,1881.98
Hannah,David,328511.84,30-10-2025,08:53:07,AMZN,1346.36
Arjun,Charlie,88668,15-12-2025,13:08:28,ADANIENT,656.8
Lakshmi,Bhavna,835809.16,14-12-2025,12:59:16,META,2942.99
Kiran,Chetan,548894.88,15-07-2025,20:49:50,AMZN,1115.64
Bob,Charlie,948298.56,22-10-2025,08:31:41,META,2663.76
Jack,Alice,68827.52,06-12-2025,07:37:31,GOOGL,564.16
Bhavna,Bob,414721.52,25-06-2025,10:01:55,TCS,1158.44
Alice,Charlie,474078.06,03-08-2025,19:53:33,TSLA,2174.67
Sneha,Kiran,83753.25,06-12-2025,04:31:34,AAPL,478.59
Frank,Chetan,122772.72,09-07-2025,19:38:40,ADANIENT,2192.37
Neha,Varun,1022637.6,30-07-2025,16:56:12,AAPL,2840.66
Ivy,Varun,478061.32,23-12-2025,00:00:19,TSLA,987.73
Ivy,Arjun,619778.74,20-07-2025,15:32:32,INFY,1468.67
Ivy,Bob,68306.66,13-09-2025,23:06:50,AMZN,1157.74
Neha,Jack,576296.6,01-08-2025,22:35:05,AMZN,1516.57
Jack,Bhavna,55897.1,15-10-2025,02:38:46,TCS,118.93
Jaya,Harish,276137.55,22-09-2025,03:39:38,META,2360.15
Lakshmi,Arjun,538458.78,07-11-2025,09:54:41,INFY,1521.07
Bob,Neha,83640.88,01-11-2025,13:28:43,RELIANCE,319.24
Divya,Frank,82383.78,08-07-2025,03:52:19,ADANIENT,729.06
Divya,Bhavna,316533.42,09-11-2025,13:16:00,HDFC,2512.17
David,Jaya,8024.66,13-09-2025,01:23:26,RELIANCE,129.43
Bhavna,Arjun,7025.64,27-07-2025,12:17:49,SBIN,1756.41
Varun,David,3509.15,12-12-2025,22:32:35,NVDA,701.83
Jack,Grace,47191,07-09-2025,04:31:39,SBIN,943.82
Harish,Hannah,159796.6,06-11-2025,13:13:39,HDFC,371.62
Gauri,Charlie,204606,25-11-2025,19:06:56,MSFT,2046.06
Alice,Charlie,1020774.5,21-09-2025,02:45:58,TSLA,2758.85
Divya,Manoj,831101.32,15-11-2025,14:10:55,ADANIENT,1914.98
Hannah,Eve,619875.2,17-11-2025,12:23:42,NVDA,1383.65
Jaya,Farhan,183841,15-09-2025,19:42:43,HDFC,2626.3
Jack,Bob,936621.18,15-11-2025,07:13:40,RELIANCE,1988.58
Neha,Harish,607752,05-09-2025,11:03:18,NVDA,1688.2
Rohit,Hannah,151071.47,18-06-2025,14:15:10,TSLA,722.83
Manoj,Arjun,13624.16,14-10-2025,12:28:57,ADANIENT,309.64
Frank,Rohit,432642.42,14-07-2025,02:13:57,NFLX,2687.22
Arjun,Lakshmi,932982.33,01-07-2025,19:49:50,RELIANCE,2270.03
Neha,Frank,327722.4,16-12-2025,01:05:50,META,890.55
Frank,Farhan,683607.01,24-07-2025,20:34:36,MSFT,2541.29
Eve,Divya,601257.6,22-10-2025,17:50:40,SBIN,2505.24
Rohit,David,263293.9,09-11-2025,18:46:27,ADANIENT,1815.82
Charlie,Jaya,252460.8,23-07-2025,02:45:30,MSFT,525.96
Arjun,Kiran,322191.87,19-09-2025,20:50:44,TCS,1394.77
Jaya,Manoj,1095618.55,26-12-2025,19:44:51,MSFT,2906.15
Hannah,Alice,980810.56,27-09-2025,19:34:59,HDFC,2540.96
Varun,Sneha,924047.52,30-09-2025,08:19:16,SBIN,2524.72
Bhavna,Jack,43666.23,14-12-2025,10:30:40,INFY,111.11
Bhavna,Farhan,234228,19-11-2025,13:26:00,META,1572
Manoj,David,668522.79,18-11-2025,12:15:23,NVDA,1773.27
Alice,Arjun,526179.23,13-09-2025,11:17:06,MSFT,2047.39
Rohit,David,144705.1,25-10-2025,07:52:58,ADANIENT,631.9
Frank,Gauri,752306.85,15-09-2025,20:30:12,ADANIENT,2434.65
Hannah,Sneha,202139,26-08-2025,05:16:45,MSFT,431
Alice,Kiran,651816,30-06-2025,22:57:21,META,1851.75
Divya,Bob,624524.13,01-09-2025,20:46:07,AMZN,2959.83
Ivy,Eve,104300.22,15-09-2025,23:41:24,AAPL,1075.26
Jaya,Gauri,419283.2,26-12-2025,07:13:54,ICICIBANK,935.9
Bob,Farhan,406239.46,09-12-2025,23:16:27,INFY,1150.82
Ivy,Grace,361914,07-06-2025,17:21:13,SBIN,2412.76
Neha,Alice,682985,01-10-2025,08:03:49,AMZN,2731.94
Charlie,Neha,93829.77,15-09-2025,02:15:13,ICICIBANK,209.91
Eve,Lakshmi,195857.64,07-12-2025,14:35:26,ICICIBANK,2967.54
Frank,Lakshmi,64858.15,06-06-2025,13:08:43,MSFT,1853.09
Harish,Bhavna,347906.72,14-10-2025,13:10:57,ADANIENT,1307.92
Alice,Charlie,424626.93,07-11-2025,22:02:55,TCS,1018.29
Farhan,Lakshmi,362790.04,15-10-2025,02:15:55,MSFT,1013.38
Lakshmi,Farhan,549367.96,30-11-2025,03:14:16,META,1283.57
Lakshmi,Frank,344964.9,12-12-2025,09:31:45,RELIANCE,1642.69
Charlie,Neha,254249.19,27-12-2025,01:39:41,INFY,2173.07
Sneha,Varun,118434.8,23-09-2025,06:05:37,MSFT,2960.87
Bhavna,Divya,27242.28,20-08-2025,03:54:05,TSLA,2095.56
Divya,Frank,4831.2,24-06-2025,15:02:10,HDFC,2415.6
Neha,Lakshmi,1024501.56,29-12-2025,08:52:16,ICICIBANK,2943.97
Chetan,Manoj,737388.36,28-08-2025,23:35:40,AAPL,2275.89
Hannah,Chetan,119113.47,27-07-2025,05:16:06,META,1890.69
Varun,Eve,168277.12,26-11-2025,16:15:55,TSLA,695.36
Bob,Rohit,1023102.78,06-07-2025,23:41:09,ICICIBANK,2570.61
Sneha,Kiran,352418.4,28-07-2025,20:05:51,SBIN,2936.82
Frank,Jaya,168251.26,18-07-2025,04:11:43,NFLX,2713.73
Bhavna,Divya,525660.96,30-09-2025,20:14:32,NVDA,2265.78
Rohit,Jaya,183803.84,16-11-2025,21:20:09,TCS,1819.84
Kiran,Alice,793610.86,10-11-2025,19:56:51,HDFC,2464.63
Bob,Divya,126442.32,18-12-2025,07:55:37,RELIANCE,854.34
Alice,Manoj,547763.63,23-12-2025,11:40:44,INFY,1400.93
Hannah,Manoj,429579.94,03-10-2025,12:34:01,HDFC,1567.81
Ivy,Hannah,220376.62,20-11-2025,19:31:08,AMZN,1327.57
Rohit,Gauri,17986.54,05-09-2025,04:19:40,TSLA,1635.14
Manoj,Kiran,234013.71,30-10-2025,20:43:36,ICICIBANK,1591.93
Chetan,Gauri,356384.34,22-07-2025,20:44:19,SBIN,1015.34
Chetan,Varun,940662.72,17-11-2025,09:45:50,INFY,1935.52
Bob,Varun,266376.74,02-10-2025,22:51:49,GOOGL,2257.43
Varun,Harish,1152564.12,17-10-2025,16:23:33,GOOGL,2342.61
Divya,Sneha,827626.65,31-12-2025,09:16:58,AMZN,1902.59
Harish,Divya,477130.64,08-11-2025,08:15:56,INFY,1155.28
Chetan,Farhan,350958.56,09-10-2025,15:46:47,TCS,1076.56
Divya,Grace,596442,20-12-2025,01:03:13,RELIANCE,2582
Rohit,Charlie,43694.76,18-08-2025,12:22:00,ADANIENT,214.19
Arjun,Gauri,1150820.55,21-10-2025,08:06:22,INFY,2800.05
Grace,Neha,548569.8,27-10-2025,16:03:10,SBIN,1261.08
Sneha,Ivy,335555.05,28-11-2025,16:14:42,ICICIBANK,2917.87
Kiran,Alice,49520.34,06-07-2025,04:48:23,AAPL,160.26
Kiran,Eve,14495.95,10-08-2025,17:29:15,RELIANCE,174.65
Ivy,Eve,6206.22,04-11-2025,02:51:28,MSFT,229.86
Varun,Bhavna,315676.77,29-09-2025,16:16:35,RELIANCE,2304.21
Divya,Alice,514444.85,06-06-2025,06:27:45,AMZN,2585.15
Sneha,Kiran,364984,09-08-2025,02:58:39,SBIN,1824.92
Rohit,Hannah,61143.32,13-07-2025,07:11:09,TCS,2183.69
Jack,Chetan,75113.57,18-12-2025,05:29:50,MSFT,1231.37
Rohit,Charlie,743403.5,19-12-2025,00:18:13,ADANIENT,1565.06
Bob,Lakshmi,315561.9,11-06-2025,17:01:39,NFLX,2842.9
Jaya,David,44177.58,27-08-2025,01:15:37,AMZN,266.13
Farhan,Harish,247259.16,23-07-2025,03:57:42,INFY,1113.78
Varun,Manoj,720922.96,12-12-2025,04:38:01,META,1700.29
Bhavna,Divya,312528.32,12-06-2025,05:28:24,GOOGL,924.64
Arjun,Varun,160037.02,01-09-2025,22:45:03,TSLA,1322.62
Gauri,Rohit,255165.56,24-08-2025,16:29:52,SBIN,1081.21
Chetan,Bob,156927.65,11-08-2025,13:02:11,ICICIBANK,1651.87
Jack,Chetan,22379.01,13-11-2025,12:09:45,ADANIENT,257.23
Gauri,Harish,732160.05,06-07-2025,23:01:38,AAPL,2369.45
Chetan,Gauri,507103.98,22-08-2025,16:10:39,ADANIENT,1277.34
Bob,Harish,720067.85,07-11-2025,18:32:11,MSFT,1618.13
Arjun,Jaya,232103.52,23-12-2025,10:08:46,NVDA,1172.24
Harish,Farhan,553405,16-11-2025,09:08:36,NFLX,2213.62
Neha,Manoj,179964.8,13-08-2025,20:13:49,META,562.39
Eve,Chetan,36706.5,16-07-2025,21:42:11,GOOGL,1468.26
Divya,Kiran,97483.5,25-10-2025,22:42:13,NVDA,649.89
Chetan,Divya,12501.28,03-08-2025,00:56:39,HDFC,284.12
Frank,Jack,562855.58,24-10-2025,12:34:09,TCS,1239.77
Frank,Kiran,373600.86,07-10-2025,15:52:34,INFY,852.97
Kiran,Rohit,1237587.93,26-06-2025,10:16:50,MSFT,2696.27
Grace,Manoj,79160.84,16-07-2025,13:17:31,META,423.32
Frank,Varun,50680.02,31-10-2025,02:52:28,NFLX,138.47
Kiran,Jaya,15156.33,18-09-2025,19:26:52,AMZN,2165.19
Kiran,Divya,180014.4,04-12-2025,17:51:08,NFLX,370.4
Divya,Hannah,135244.32,26-06-2025,04:55:45,META,554.28
Ivy,Kiran,1350446.85,13-08-2025,18:30:19,NVDA,2761.65
Bob,Hannah,127428.08,13-09-2025,02:34:26,RELIANCE,2450.54
Chetan,Jaya,22654.8,12-09-2025,14:57:11,NFLX,125.86
Hannah,Lakshmi,340406.66,23-12-2025,02:57:25,GOOGL,836.38
Harish,Sneha,93972,15-08-2025,08:38:52,META,1957.75
Jaya,Neha,509120.76,15-12-2025,08:05:27,MSFT,1235.73
Kiran,Farhan,778992.8,17-09-2025,00:35:11,NVDA,2504.8
Varun,Eve,72666.72,13-09-2025,14:02:18,AAPL,384.48
Grace,Sneha,85524.12,16-11-2025,05:24:08,AAPL,273.24
Ivy,Chetan,999958.52,14-09-2025,02:52:41,MSFT,2066.03
Eve,Divya,725981.94,04-10-2025,23:34:10,NFLX,2987.58
Varun,Rohit,246667.52,03-12-2025,03:42:11,SBIN,1927.09
Grace,Arjun,75987.42,14-09-2025,04:42:51,ICICIBANK,419.82
Lakshmi,Frank,42090,02-09-2025,02:19:31,META,915
Lakshmi,Arjun,313660.92,26-09-2025,21:58:13,MSFT,1174.76
Farhan,Gauri,670505.65,19-11-2025,18:46:35,RELIANCE,2530.21
Eve,Varun,141444.88,08-08-2025,06:27:02,NVDA,433.88
Sneha,Arjun,932479.2,26-06-2025,13:27:37,TSLA,2783.52
Neha,Harish,158647.1,04-06-2025,03:00:39,SBIN,689.77
Manoj,Rohit,570894.72,18-12-2025,17:37:47,SBIN,2162.48
Alice,Arjun,559215,24-06-2025,23:29:37,NFLX,1315.8
Grace,Bob,131833.86,09-07-2025,01:55:56,SBIN,1071.82
Divya,Frank,1308750.68,17-10-2025,17:14:51,INFY,2665.48
Alice,Chetan,370859.88,02-06-2025,21:54:46,TSLA,835.27
Sneha,Arjun,629453.7,05-08-2025,06:06:50,INFY,2170.53
Rohit,Grace,71581.02,03-12-2025,16:58:59,META,1704.31
Charlie,David,383236.7,23-06-2025,03:48:16,GOOGL,771.1
Frank,David,164879.04,19-08-2025,13:37:44,AAPL,580.56
Hannah,Manoj,696041.76,08-11-2025,04:02:38,ADANIENT,2000.12
Jack,Kiran,31278.16,21-09-2025,08:57:25,INFY,169.99
Frank,Bob,809392.59,30-11-2025,15:36:53,NVDA,2124.39
Frank,Alice,424091.52,29-06-2025,05:42:46,MSFT,995.52
Charlie,Varun,10930.56,04-12-2025,07:23:55,INFY,170.79
Charlie,Varun,64683.84,29-11-2025,20:31:51,SBIN,2695.16
Farhan,Divya,71871.6,22-10-2025,06:52:36,NVDA,1796.79
Gauri,David,265743.14,25-11-2025,17:53:24,ICICIBANK,2739.62
Harish,Charlie,97782.07,12-07-2025,15:46:49,INFY,409.13
David,Alice,351529.9,23-08-2025,23:14:40,ADANIENT,1714.78
Gauri,Farhan,76066.29,11-12-2025,18:29:30,MSFT,939.09
Kiran,Sneha,61383.75,23-12-2025,14:18:04,TSLA,818.45
Gauri,Lakshmi,126673.71,04-11-2025,02:28:40,SBIN,796.69
Bhavna,Bob,210332.78,23-07-2025,19:02:12,INFY,698.78
Manoj,Grace,813055.6,03-09-2025,08:40:53,INFY,1708.1
Neha,Chetan,291664.78,05-07-2025,19:55:41,SBIN,1064.47
Chetan,Ivy,333128.79,20-09-2025,03:28:56,AAPL,1194.01
Lakshmi,Neha,424542.46,31-07-2025,16:47:51,SBIN,2385.07
Gauri,Rohit,1276810,20-12-2025,10:37:26,HDFC,2553.62
Harish,Varun,167822.33,27-07-2025,03:55:05,GOOGL,851.89
Charlie,Grace,834805.43,25-11-2025,02:37:53,NVDA,2667.11
Arjun,Jack,135333.9,18-11-2025,18:20:34,META,694.02
Sneha,Alice,923528.48,08-09-2025,14:20:12,NFLX,2355.94
Lakshmi,Jack,403260.87,06-11-2025,20:19:48,TCS,981.17
Arjun,Hannah,886598.25,30-08-2025,19:38:06,SBIN,1776.75
Bhavna,Divya,80008.72,16-09-2025,20:58:09,AMZN,298.54
Lakshmi,Grace,31531.26,26-09-2025,11:36:45,ADANIENT,553.18
Jack,Lakshmi,825288.96,26-09-2025,06:46:47,ADANIENT,1778.64
Ivy,Divya,663077.6,20-06-2025,00:50:27,AMZN,2673.7
Alice,Hannah,219579.78,31-07-2025,14:28:10,TCS,2240.61
Manoj,Hannah,357105.6,11-06-2025,08:56:51,INFY,1983.92
Arjun,Divya,581232.74,04-06-2025,02:27:41,HDFC,1475.21
Sneha,Gauri,314205.15,02-07-2025,19:01:18,MSFT,2027.13
Neha,Farhan,438135.6,31-12-2025,20:50:56,TCS,2547.3
Varun,Hannah,7996.84,08-12-2025,19:30:07,NFLX,1999.21
Arjun,Ivy,738866.59,24-12-2025,18:20:04,MSFT,2154.13
Manoj,Bhavna,68700.4,19-11-2025,14:10:06,NVDA,202.06
Gauri,Charlie,988159.76,01-12-2025,04:52:50,AAPL,2445.94
Gauri,Varun,607061.86,06-12-2025,22:06:45,AAPL,2308.22
David,Bhavna,1112485.68,05-08-2025,10:14:25,HDFC,2874.64
Lakshmi,Jaya,1136460,12-07-2025,10:53:23,ADANIENT,2272.92
Rohit,Alice,13119.6,22-10-2025,12:12:03,ADANIENT,1639.95
Harish,Frank,37508.76,17-07-2025,13:35:26,NFLX,201.66
Sneha,David,41067.09,12-08-2025,14:22:59,AMZN,226.89
Jaya,Farhan,372406.8,30-12-2025,17:49:15,ADANIENT,2023.95
Rohit,Bhavna,1206172.44,06-07-2025,09:36:58,INFY,2674.44
Rohit,Jaya,969541.5,23-08-2025,06:40:38,MSFT,2041.14
Divya,Harish,588738.56,01-12-2025,01:02:15,ICICIBANK,2164.48
Arjun,Gauri,233412.41,28-08-2025,01:48:16,META,1001.77
Hannah,David,89668.64,01-09-2025,08:23:19,AMZN,2187.04
Charlie,Arjun,94260.32,26-10-2025,16:41:45,TSLA,1923.68
Hannah,Kiran,59790.76,02-08-2025,15:51:20,ICICIBANK,134.06
Bob,Eve,10142.01,13-10-2025,23:36:16,ADANIENT,1126.89
Kiran,Gauri,278958.9,06-09-2025,08:33:06,TCS,845.33
Bob,Bhavna,940830.66,09-08-2025,02:34:01,ADANIENT,2591.82
Bhavna,Jack,278157.12,29-07-2025,17:16:20,INFY,2897.47
Bob,Farhan,52688,13-12-2025,13:14:56,SBIN,2634.4
Jaya,Kiran,152907.12,19-06-2025,21:37:36,TSLA,360.63
Alice,Neha,143176.8,03-08-2025,07:11:58,MSFT,1835.6
Harish,Alice,97487.88,22-12-2025,07:46:10,INFY,755.72
Chetan,Bhavna,5822.76,14-11-2025,07:33:43,ICICIBANK,970.46
Grace,Divya,195807.7,19-08-2025,08:33:42,ADANIENT,1047.1
David,Ivy,21668,21-12-2025,06:40:27,TSLA,2708.5
Rohit,Sneha,724949.78,03-10-2025,16:23:32,ICICIBANK,1975.34
Lakshmi,Rohit,57471.54,24-10-2025,05:48:24,META,148.89
Lakshmi,Grace,2814.72,26-11-2025,10:34:37,ICICIBANK,351.84
Ivy,Divya,256713.6,31-10-2025,15:06:21,GOOGL,1944.8
Sneha,Alice,242388.64,18-06-2025,23:01:33,NVDA,1165.33
Grace,Rohit,516141.08,03-09-2025,07:53:14,AMZN,1175.72
David,Bhavna,80971.39,23-07-2025,15:02:10,ADANIENT,786.13
Harish,Jack,19498.38,14-10-2025,15:04:57,HDFC,886.29
Lakshmi,Jack,284510.1,20-11-2025,11:08:55,NFLX,666.3
Ivy,Bhavna,225266.72,16-07-2025,13:17:52,META,1909.04
David,Lakshmi,89082,15-06-2025,17:40:10,ADANIENT,2545.2
Alice,Neha,735400.75,27-12-2025,12:51:46,AMZN,1722.25
Chetan,Eve,353065.32,22-11-2025,03:26:20,MSFT,1020.42
Ivy,Neha,187624.92,21-12-2025,03:24:00,ADANIENT,2759.19
Grace,Divya,125392.51,02-06-2025,04:42:01,NVDA,1871.53
Alice,Grace,11103.58,25-09-2025,21:03:18,AMZN,179.09
Grace,Chetan,188761.98,12-07-2025,08:23:09,TCS,556.82
Bhavna,Jaya,404107.41,17-12-2025,21:57:37,GOOGL,2749.03
Divya,Kiran,276880.8,25-08-2025,03:15:46,SBIN,1318.48
Farhan,Varun,10667.55,16-11-2025,22:21:49,META,112.29
Farhan,Rohit,239409.28,01-12-2025,08:47:43,ICICIBANK,702.08
David,Rohit,57783.4,08-10-2025,16:48:06,TCS,134.38
Rohit,Frank,84661.72,04-06-2025,10:20:25,TSLA,171.38
David,Jack,51267.7,27-10-2025,23:40:14,SBIN,114.95
Jack,Rohit,439527.01,22-07-2025,02:20:21,NVDA,1124.11
Lakshmi,Eve,729857.36,22-11-2025,03:57:09,META,1462.64
Bob,Alice,412282.98,11-12-2025,00:59:52,AMZN,890.46
Chetan,Sneha,65445.02,08-10-2025,13:58:06,ICICIBANK,798.11
Charlie,Varun,898449.6,28-07-2025,19:15:04,SBIN,1871.77
Bhavna,Manoj,885173.38,23-06-2025,18:16:04,ICICIBANK,2180.23
Hannah,Sneha,17032.16,17-07-2025,23:35:23,TSLA,2129.02
Frank,Lakshmi,384367.3,03-09-2025,20:17:05,MSFT,1302.94
Frank,Bob,561127.5,07-10-2025,11:46:42,NVDA,1147.5
Frank,Chetan,372956.4,13-06-2025,12:20:27,NVDA,2762.64
Jack,Lakshmi,1156901.61,26-06-2025,02:09:27,META,2943.77
Varun,Divya,1295199.74,08-10-2025,05:16:34,META,2627.18
Kiran,Chetan,394184.7,02-11-2025,15:09:50,RELIANCE,2165.85
Arjun,Ivy,351246.16,04-10-2025,02:18:14,AMZN,2310.83
Eve,Arjun,331843.05,19-07-2025,04:14:04,AAPL,777.15
Charlie,Frank,313650.68,01-12-2025,01:17:27,HDFC,1317.86
Gauri,Sneha,924312.4,17-06-2025,16:18:05,NVDA,2100.71
Alice,Arjun,199096.21,21-07-2025,21:16:56,ADANIENT,533.77
Lakshmi,Kiran,264112.94,02-09-2025,10:41:34,MSFT,2902.34
Lakshmi,Arjun,466111.2,03-09-2025,00:31:22,HDFC,2519.52
Varun,Bhavna,32101.86,19-10-2025,03:01:58,TCS,764.33
Kiran,Manoj,479030.98,09-08-2025,00:58:11,GOOGL,1323.29
Bhavna,Alice,301246.64,29-08-2025,14:39:11,AAPL,745.66
Rohit,David,178507.98,21-11-2025,00:54:12,TCS,404.78
Chetan,Charlie,140816.17,24-12-2025,20:31:18,AAPL,441.43
Rohit,Jaya,78790.32,13-11-2025,19:53:18,MSFT,729.54
Gauri,Manoj,525411,21-10-2025,23:15:23,ICICIBANK,1751.37
Divya,Charlie,1157999.36,17-10-2025,18:38:32,AAPL,2584.82
Farhan,Hannah,11990.94,10-06-2025,05:23:09,AMZN,461.19
Sneha,Frank,515190.24,22-08-2025,16:16:51,INFY,2769.84
Arjun,Gauri,654660.18,07-07-2025,15:59:10,ICICIBANK,2321.49
Rohit,Bhavna,11331.86,20-12-2025,11:46:55,HDFC,333.29
Varun,Bhavna,258616.62,27-06-2025,07:03:29,ADANIENT,2004.78
Jack,Arjun,747025.5,05-09-2025,04:48:08,GOOGL,2298.54
Bob,Gauri,156185.05,02-11-2025,00:09:22,TCS,637.49
Rohit,Jaya,540530.64,16-10-2025,17:58:48,META,1324.83
Hannah,Chetan,505020.42,25-07-2025,06:50:01,NVDA,1965.06
Harish,Grace,1131902.7,20-06-2025,00:24:01,GOOGL,2822.7
Jack,Ivy,61807.1,11-09-2025,16:28:07,GOOGL,269.9
Rohit,Divya,98334,13-12-2025,00:41:05,TSLA,728.4
Varun,Arjun,446751.5,05-10-2025,08:24:09,ICICIBANK,1051.18
David,Grace,9256.4,22-09-2025,21:10:05,ADANIENT,1851.28
Manoj,Neha,414840.74,11-10-2025,23:41:32,AMZN,1497.62
Divya,Bob,403907.71,09-07-2025,15:22:37,TSLA,2710.79
Frank,Manoj,589820.66,11-06-2025,11:11:38,MSFT,2176.46
David,Alice,51233.89,25-12-2025,17:36:39,AAPL,373.97
Ivy,Lakshmi,375595.68,04-10-2025,01:54:23,INFY,1823.28
Lakshmi,David,1159326.35,19-08-2025,07:52:14,TSLA,2715.05
Divya,Chetan,758656.36,25-07-2025,10:15:39,AAPL,2463.17
Bob,Manoj,1147400,11-10-2025,20:18:20,TSLA,2294.8
Neha,Charlie,212450.04,28-07-2025,19:53:35,TSLA,874.28
David,Eve,451151.3,26-10-2025,18:14:55,AAPL,1011.55
Jack,Hannah,283542.32,02-12-2025,11:55:12,GOOGL,2084.87
Grace,Frank,709977.92,08-08-2025,02:17:51,RELIANCE,1829.84
Varun,Alice,425557.72,25-06-2025,01:33:26,ICICIBANK,2875.39
Eve,Neha,12722.64,11-11-2025,02:40:58,NVDA,227.19
Jaya,Jack,283426.29,24-08-2025,08:03:42,HDFC,2553.39
Jaya,Manoj,417464.32,16-10-2025,15:03:10,NFLX,1003.52
Bob,Varun,314148.82,25-11-2025,09:42:23,AMZN,889.94
Neha,Charlie,547832,20-09-2025,12:16:12,AMZN,1767.2
Rohit,Eve,100450.56,21-11-2025,20:23:14,META,387.84
Alice,Jaya,97680.59,22-09-2025,02:44:49,NVDA,263.29
Bhavna,Gauri,516909.03,21-06-2025,14:11:55,ICICIBANK,2706.33
Divya,Sneha,1275.93,16-08-2025,17:05:32,ICICIBANK,425.31
Charlie,Varun,736917.9,20-07-2025,10:19:54,TCS,1991.67
Bob,Arjun,39059.9,28-11-2025,12:38:08,NVDA,355.09
Sneha,Farhan,607602.27,09-12-2025,02:25:32,MSFT,2401.59
Bhavna,Neha,82160.7,25-06-2025,23:05:37,META,582.7
Sneha,Rohit,303429,01-07-2025,22:46:59,TSLA,722.45
Chetan,Varun,553361.78,10-09-2025,13:40:28,INFY,1990.51
Manoj,Alice,164542.4,23-08-2025,01:23:32,AAPL,2056.78
Lakshmi,Alice,31825.42,02-09-2025,06:29:36,META,263.02
Manoj,Neha,836378.1,16-10-2025,22:32:16,NVDA,2835.18
Frank,Rohit,63418.77,30-12-2025,09:29:32,META,370.87
Grace,Bob,36063.17,19-11-2025,01:08:11,AAPL,252.19
Frank,David,963325.74,18-11-2025,05:19:42,GOOGL,2179.47
Ivy,Farhan,1439905.1,27-07-2025,00:16:46,HDFC,2920.7
Varun,David,159052.24,06-09-2025,13:43:03,RELIANCE,415.28
Jack,Chetan,729422,24-12-2025,20:15:55,GOOGL,2323
Chetan,Kiran,335518.3,17-08-2025,12:26:23,MSFT,2750.15
Hannah,Sneha,193147.05,17-08-2025,13:33:34,NFLX,2645.85
Lakshmi,David,3316.08,10-08-2025,01:27:26,NVDA,414.51
Divya,Gauri,541529.1,07-08-2025,16:52:33,HDFC,2578.71
Farhan,Eve,354370.74,24-12-2025,06:25:47,ICICIBANK,1373.53
Hannah,Harish,304204.44,06-12-2025,06:29:28,TSLA,1102.19
Varun,Jaya,385883.7,04-10-2025,20:55:13,GOOGL,1707.45
Jack,Harish,736905.48,07-12-2025,14:09:19,NFLX,2613.14
Bhavna,Gauri,111030.5,08-10-2025,03:13:05,ADANIENT,317.23
Kiran,Harish,82870.92,07-06-2025,11:19:41,TCS,1624.92
Kiran,Varun,668547.75,18-07-2025,22:31:26,RELIANCE,1862.25
Ivy,Alice,347355,31-12-2025,14:49:05,HDFC,2315.7
Manoj,Eve,18175.04,14-09-2025,22:08:48,HDFC,267.28
Rohit,Bhavna,174539.3,27-06-2025,03:19:28,SBIN,2861.3
Manoj,Chetan,488717.46,08-11-2025,05:58:40,RELIANCE,1057.83
Chetan,Ivy,258655.86,22-10-2025,07:28:19,SBIN,1413.42
Grace,Sneha,660775.5,15-07-2025,01:10:09,AAPL,1468.39
Harish,Lakshmi,661650.62,12-11-2025,15:08:45,AMZN,1745.78
Grace,Eve,49618.6,02-07-2025,21:43:48,NVDA,234.05
Divya,Bhavna,64581.2,07-09-2025,19:51:13,NVDA,1614.53
Arjun,Alice,581280.86,14-09-2025,05:30:41,ADANIENT,2315.86
Neha,Jack,806368.73,13-06-2025,19:13:28,AMZN,2197.19
Varun,Hannah,97463.8,26-10-2025,23:34:39,ADANIENT,226.66
Alice,Gauri,741372.36,20-08-2025,17:11:36,MSFT,2628.98
Lakshmi,Bob,594795.84,16-11-2025,04:49:58,RELIANCE,2631.84
Manoj,Eve,79869.92,13-06-2025,15:14:47,RELIANCE,2101.84
Alice,Chetan,357535.96,30-06-2025,08:12:53,ICICIBANK,884.99
Ivy,Kiran,881231.58,05-06-2025,22:47:48,NFLX,1870.98
Eve,Hannah,294554.52,15-06-2025,15:08:39,HDFC,1888.17
Farhan,Jaya,1100863.59,08-11-2025,08:50:57,TCS,2337.29
Harish,Neha,119811.84,25-08-2025,17:42:03,HDFC,2922.24
Divya,Manoj,56422.56,26-12-2025,04:39:53,SBIN,2350.94
Lakshmi,Grace,629626.75,11-09-2025,13:28:52,NFLX,2375.95
Jaya,Divya,505242.18,16-06-2025,05:06:53,NFLX,1645.74
Eve,Manoj,498940.96,03-07-2025,22:12:50,SBIN,1168.48
Rohit,Arjun,509456.5,31-10-2025,11:30:36,GOOGL,2681.35
Charlie,Chetan,539895.51,04-12-2025,09:34:21,AAPL,1817.83
Lakshmi,Harish,209495.44,15-07-2025,20:46:49,AMZN,680.18
Farhan,Chetan,546858,09-10-2025,20:07:44,TSLA,2337
Manoj,Bhavna,173989.2,17-12-2025,14:41:14,TSLA,646.8
Grace,Rohit,393836.1,03-10-2025,23:12:52,INFY,1179.15
Bob,Gauri,125414.4,08-10-2025,15:54:21,META,489.9
Harish,Farhan,269205.12,16-07-2025,10:05:59,GOOGL,2804.22
Sneha,Alice,384840.73,18-07-2025,11:24:27,GOOGL,1533.23
Divya,Alice,500441.48,10-09-2025,20:49:41,TCS,2067.94
Divya,Frank,802388.7,25-08-2025,16:56:46,SBIN,2845.35
David,Jack,177795.48,23-11-2025,19:13:10,ICICIBANK,2914.68
Eve,Divya,90399.41,25-12-2025,13:02:31,ADANIENT,2916.11
David,Ivy,643880.89,26-07-2025,04:04:53,SBIN,2031.17
Jaya,Ivy,124120.4,08-11-2025,19:53:44,MSFT,1825.3
Frank,Chetan,82962,25-07-2025,05:21:14,TCS,2765.4
David,Chetan,50482.73,20-07-2025,15:22:45,AAPL,309.71
David,Eve,773745.54,12-08-2025,14:41:55,MSFT,1929.54
Harish,Varun,247738.5,21-12-2025,21:03:51,NVDA,1101.06
Alice,Charlie,578086.7,17-08-2025,10:11:31,HDFC,1392.98
Divya,Neha,158327.85,10-11-2025,15:40:31,AAPL,367.35
Ivy,Varun,171791.48,25-08-2025,18:20:37,INFY,415.96
Alice,Farhan,407921.5,29-10-2025,06:46:26,TCS,2330.98
Kiran,Gauri,69124.2,20-08-2025,08:12:22,GOOGL,751.35
Divya,Lakshmi,70606.76,09-10-2025,20:54:13,META,2521.67
Grace,Eve,174382.72,31-12-2025,02:45:22,ICICIBANK,449.44
Varun,Charlie,120815.45,09-08-2025,11:42:53,AMZN,833.21
Neha,Ivy,372974.22,04-06-2025,02:12:28,NFLX,1429.02
Bob,Varun,103452.14,11-10-2025,22:36:05,MSFT,259.93
Alice,Neha,527716.02,19-06-2025,12:19:21,NVDA,1238.77
Neha,Hannah,77664.42,03-07-2025,00:11:16,ADANIENT,958.82
Neha,Hannah,377905.06,17-09-2025,05:27:39,NVDA,1529.98
Chetan,Neha,14583.84,07-12-2025,03:25:48,ICICIBANK,1822.98
Frank,Bob,574602,23-06-2025,06:23:43,GOOGL,1641.72
Ivy,Bhavna,281129.81,30-06-2025,09:11:16,NVDA,1663.49
Hannah,Kiran,159262.89,30-08-2025,15:26:32,SBIN,415.83
